id,spkid,full_name,pdes,name,prefix,neo,pha,H,G,M1,M2,K1,K2,PC,diameter,extent,albedo,rot_per,GM,BV,UB,IR,spec_B,spec_T,H_sigma,diameter_sigma,orbit_id,epoch,epoch_mjd,epoch_cal,equinox,e,a,q,i,om,w,ma,ad,n,tp,tp_cal,per,per_y,moid,moid_ld,t_jup,sigma_e,sigma_a,sigma_q,sigma_i,sigma_om,sigma_w,sigma_ma,sigma_ad,sigma_n,sigma_tp,sigma_per,class,producer,data_arc,first_obs,last_obs,n_obs_used,n_del_obs_used,n_dop_obs_used,condition_code,rms,two_body,A1,A2,A3,DT
a0000002,2000002,     2 Pallas,2,Pallas,0,N,N,4.13,0.11,544000.00,42916.00,0,0,0,508388.31,582x556x500,0.1587,7.8132,14.3,0.635,0.284,0,B,B,0,9494.40,JPL 26,2457200.5,57200,20150627,J2000,0.231157671,2.772003634,2.131233729,34.84025752,173.0921508,309.9655642,120.9190263,3.412773539,0.213556788,2456634.285,20131207.79,1685.734286,4.61528894,1.23108,479.0994036,3.043,1.93E-08,2.17E-09,5.35E-08,0.000002135,0.00000374,0.00000554,0.0000049,2.67E-09,2.50E-10,0.000022691,0.00000198,MBA,Davide Farnocchia,68635,1825-03-23,41325,7829,0,0,0,0.54,0,0,0,0,0
a0000005,2000005,     5 Astraea,5,Astraea,0,N,N,6.85,0,115000.00,9353.00,0,0,0,106913.27,0,0.2268,16.8,0,0.826,0.411,0,S,S,0,5963.17,JPL 94,2457200.5,57200,20150627,J2000,0.191187799,2.573479944,2.081461977,5.368548634,141.5957763,358.9692793,307.8982844,3.065497911,0.238738737,2457418.737,20160131.24,1507.92454,4.128472388,1.09509,426.1761753,3.396,2.22E-08,3.94E-09,5.67E-08,0.00000268,0.000028997,0.000029828,0.00000739,4.69E-09,5.48E-10,0.000031023,0.00000346,MBA,Otto Matic,62012,1845-12-15,42274,2270,0,0,0,0.58,0,0,0,0,0
a0000006,2000006,     6 Hebe,6,Hebe,0,N,N,5.71,0.24,195640.00,5440.00,0,0,0,227648.51,0,0.2679,7.2745,0,0.822,0.399,0,S,S,0,16211.18,JPL 82,2457200.5,57200,20150627,J2000,0.201506579,2.426039619,1.937176675,14.74818912,138.7034668,239.485891,81.31793891,2.914902563,0.260829819,2456888.734,20140819.23,1380.210288,3.778809824,0.978656,380.8635555,3.438,0.000000019,1.77E-09,0.000000046,0.0000021,0.000010767,0.000012494,0.00000692,2.13E-09,2.85E-10,0.000026442,0.00000151,MBA,Davide Farnocchia,60166,1848-09-08,41426,5455,0,0,0,0.53,0,0,0,0,0
a0000009,2000009,     9 Metis,9,Metis,0,N,N,6.28,0.17,190791.00,4901.00,0,0,0,210289.64,0,0.118,5.079,0,0.858,0.496,0,0,S,0,3747.43,JPL 103,2457200.5,57200,20150627,J2000,0.122177632,2.386573817,2.094987878,5.574060629,68.93970649,5.873617224,263.1426346,2.678159755,0.267326349,2457562.819,20160623.32,1346.668602,3.686977691,1.11057,432.2005269,3.518,1.76E-08,3.07E-09,4.21E-08,0.00000198,0.000024263,0.000026059,0.00000979,3.44E-09,5.16E-10,0.000036778,0.0000026,MBA,Otto Matic,60649,1849-07-31,42235,2405,0,0,0,0.44,0,0,0,0,0
a0000010,2000010,    10 Hygiea,10,Hygiea,0,N,N,5.43,0,453239.00,19244.00,0,0,0,451251.70,0,0.0717,27.623,7,0.696,0.351,0,C,C,0,6050.17,JPL 85,2457200.5,57200,20150627,J2000,0.114691745,3.142115877,2.781741123,3.837766054,283.4123109,312.1043107,264.463973,3.502490631,0.176958235,2457740.379,20161217.88,2034.378337,5.569824332,1.77198,689.6014566,3.196,1.66E-08,6.35E-09,5.24E-08,0.00000223,0.000029513,0.000031197,0.00001136,7.07E-09,5.36E-10,0.000065034,0.00000616,MBA,Davide Farnocchia,59732,1849-05-26,41252,2840,0,0,0,0.61,0,0,0,0,0
a0000011,2000011,    11 Parthenope,11,Parthenope,0,N,N,6.55,0,142890.00,1010.00,0,0,0,148824.63,0,0.1803,13.7204,0,0.837,0.417,0,Sk,S,0,1540.29,JPL 88,2457200.5,57200,20150627,J2000,0.100164807,2.452325488,2.206688779,4.629842331,125.5667682,196.0396146,279.1551247,2.697962197,0.256647422,2457515.504,20160507,1402.702577,3.840390354,1.1941,464.707897,3.483,2.54E-08,2.45E-09,6.27E-08,0.0000032,0.000024401,0.000026914,0.000011185,2.70E-09,3.85E-10,0.000043634,0.00000211,MBA,Otto Matic,60273,1850-09-17,42272,5013,0,0,0,0.46,0,0,0,0,0
a0000012,2000012,    12 Victoria,12,Victoria,0,N,N,7.24,0.22,126643.00,3199.00,0,0,0,150787.62,0,0.1765,8.6599,0,0.874,0.515,0,L,S,0,4842.74,JPL 100,2457200.5,57200,20150627,J2000,0.221247513,2.33318827,1.816976166,8.369283175,235.4857964,69.50661154,106.488526,2.849400373,0.276553652,2456815.444,20140606.94,1301.736563,3.563960473,0.822123,319.9456079,3.522,2.38E-08,2.17E-09,5.58E-08,0.00000252,0.000019426,0.000020219,0.00000638,2.66E-09,3.87E-10,0.000022834,0.00000182,MBA,Otto Matic,60274,1850-09-18,42274,2438,0,0,0,0.57,0,0,0,0,0
a0000013,2000013,    13 Egeria,13,Egeria,0,N,N,6.74,0,227000.00,38000.00,0,0,0,226899.82,0,0.0825,7.045,0,0.745,0.452,0,Ch,G,0,7020.73,JPL 74,2457200.5,57200,20150627,J2000,0.083737748,2.577127354,2.361324513,16.53743468,43.24332847,80.21551453,214.2969925,2.792930194,0.238232086,2457812.101,20170227.6,1511.131462,4.137252463,1.44083,560.7278111,3.364,0.000000028,3.69E-09,7.21E-08,0.00000361,0.000011771,0.00002306,0.000019644,0.000000004,5.12E-10,0.000082592,0.00000324,MBA,Otto Matic,60143,1850-11-21,42207,1927,0,0,0,0.64,0,0,0,0,0
a0000014,2000014,    14 Irene,14,Irene,0,N,N,6.3,0,140760.00,8410.00,0,0,0,135929.58,0,0.159,15.028,0,0.833,0.388,0,S,S,0,2188.84,JPL 66,2457200.5,57200,20150627,J2000,0.166237036,2.586358074,2.156409574,9.118097517,86.15317915,98.02628916,192.9165458,3.016306575,0.236957848,2457905.619,20170601.12,1519.257554,4.159500489,1.181,459.60977,3.385,2.62E-08,3.31E-09,6.82E-08,0.00000352,0.000019507,0.000021788,0.00000965,3.86E-09,4.55E-10,0.000040673,0.000002916,MBA,Otto Matic,60008,1851-05-20,42252,2279,0,0,0,0.57,0,0,0,0,0
a0000015,2000015,    15 Eunomia,15,Eunomia,0,N,N,5.28,0.23,259000.00,35511.00,0,0,0,257319.95,0,0.2094,6.083,0,0.839,0.451,0,S,S,0,9362.23,JPL 70,2457200.5,57200,20150627,J2000,0.18737574,2.643923121,2.148516069,11.73822007,293.1855544,97.53941322,323.3872658,3.139330173,0.229261347,2457360.199,20151203.7,1570.260337,4.2991385,1.19208,463.9217736,3.339,2.82E-08,3.28E-09,7.45E-08,0.00000259,0.000014854,0.000016328,0.00000705,3.89E-09,4.26E-10,0.000030876,0.00000292,MBA,Davide Farnocchia,59109,1851-09-02,41458,2075,0,0,0,0.64,0,0,0,0,0
a0000019,2000019,    19 Fortuna,19,Fortuna,0,N,N,7.13,0.1,196370.00,300.00,0,0,0,210556.63,0,0.037,7.4432,0,0.719,0.324,0,Ch,G,0,3182.52,JPL 111,2457200.5,57200,20150627,J2000,0.15885487,2.441434673,2.053600885,1.57374315,211.1555576,182.2324195,195.5179904,2.829268462,0.258366625,2457837.123,20170324.62,1393.368824,3.814835931,1.06006,412.5435502,3.483,2.33E-08,3.18E-09,5.72E-08,0.00000269,0.00010298,0.00010329,0.000010002,3.68E-09,5.05E-10,0.000039267,0.00000272,MBA,Otto Matic,59544,1852-09-14,42271,2586,0,0,0,0.55,0,0,0,0,0
a0000022,2000022,    22 Kalliope,22,Kalliope,0,N,N,6.45,0.21,167540.00,3050.00,0,0,0,154377.05,0,0.1419,4.1483,0.491,0.715,0.234,0,X,M,0,3349.86,JPL 79,2457200.5,57200,20150627,J2000,0.099604167,2.910800898,2.620873,13.71460095,66.07459888,354.8844669,280.0314567,3.200728797,0.198465637,2457603.434,20160802.93,1813.916024,4.966231414,1.63467,636.1645239,3.234,3.39E-08,6.63E-09,9.76E-08,0.00000381,0.000011446,0.000017639,0.000014791,7.29E-09,6.79E-10,0.000075122,0.0000062,MBA,Otto Matic,58932,1854-04-14,42236,2266,0,0,0,0.53,0,0,0,0,0
a0000024,2000024,    24 Themis,24,Themis,0,N,N,7.08,0.19,202336.00,6054.00,0,0,0,209681.43,0,0.067,8.374,0,0.684,0.336,0,B,C,0,3193.85,JPL 95,2457200.5,57200,20150627,J2000,0.125756074,3.135627895,2.741303642,0.752197697,35.92033922,106.7707725,107.0864077,3.529952149,0.17750774,2456597.223,20131031.72,2028.080578,5.552582006,1.75461,682.8415737,3.2,2.57E-08,7.75E-09,0.000000081,0.00000293,0.00022598,0.00022631,0.000011814,8.72E-09,6.58E-10,0.000065497,0.00000752,MBA,Otto Matic,59318,1853-04-27,42270,2307,0,0,0,0.65,0,0,0,0,0
a0000026,2000026,    26 Proserpina,26,Proserpina,0,N,N,7.5,0,83040.00,2140.00,0,0,0,79361.93,0,0.1966,13.11,0,0.891,0.525,0,S,S,0,3178.43,JPL 100,2457200.5,57200,20150627,J2000,0.090469776,2.654576681,2.414417722,3.563795617,45.78502492,194.2008632,145.9582379,2.89473564,0.227882598,2456560.002,20130924.5,1579.760823,4.325149413,1.40219,545.6902823,3.38,2.86E-08,7.65E-09,7.64E-08,0.00000331,0.000069711,0.0000735,0.000022485,8.34E-09,9.85E-10,0.00009823,0.00000683,MBA,Otto Matic,56474,1861-01-31,42262,1491,0,0,0,0.63,0,0,0,0,0
a0000027,2000027,    27 Euterpe,27,Euterpe,0,N,N,7,0,114100.00,4480.00,0,0,0,118631.60,0,0.162,10.4082,0,0.878,0.502,0,S,S,0,8826.03,JPL 91,2457200.5,57200,20150627,J2000,0.172217382,2.346737054,1.942588143,1.583690263,94.79871851,356.5839454,311.3428078,2.750885964,0.274162106,2457377.976,20151221.48,1313.091751,3.595049283,0.959791,373.5218635,3.54,2.47E-08,2.59E-09,5.79E-08,0.00000278,0.000097926,0.000098261,0.00000896,3.03E-09,4.54E-10,0.000032791,0.00000217,MBA,Otto Matic,59123,1853-11-10,42272,2256,0,0,0,0.58,0,0,0,0,0
a0000029,2000029,    29 Amphitrite,29,Amphitrite,0,N,N,5.85,0.2,227149.00,3975.00,0,0,0,193011.22,0,0.1793,5.3921,0,0.838,0.449,0,S,S,0,5459.10,JPL 139,2457200.5,57200,20150627,J2000,0.072009738,2.554960358,2.370978331,6.089675361,356.419874,61.96096416,307.7532204,2.738942385,0.241339176,2457416.987,20160129.49,1491.676597,4.083987945,1.38994,540.9229498,3.427,3.23E-08,3.96E-09,8.27E-08,0.00000325,0.000033738,0.000043481,0.000026514,4.24E-09,5.60E-10,0.00010994,0.00000346,MBA,Davide Farnocchia,57626,1855-07-25,41397,1852,0,0,0,0.67,0,0,0,0,0
a0000030,2000030,    30 Urania,30,Urania,0,N,N,7.57,0,98408.00,2136.00,0,0,0,91376.39,0,0.1714,13.686,0,0.873,0.459,0,Sl,S,0,3192.14,JPL 93,2457200.5,57200,20150627,J2000,0.126609526,2.365323333,2.065850866,2.098002503,307.6298057,86.73483848,10.46013802,2.6647958,0.270936989,2457161.893,20150519.39,1328.72223,3.637843202,1.07375,417.8712875,3.537,2.61E-08,3.26E-09,6.14E-08,0.00000314,0.000084193,0.000085495,0.000012374,3.67E-09,5.60E-10,0.000045651,0.00000275,MBA,Otto Matic,56830,1860-02-22,42274,2648,0,0,0,0.52,0,0,0,0,0
a0000031,2000031,    31 Euphrosyne,31,Euphrosyne,0,N,N,6.74,0,259870.00,12740.00,0,0,0,265125.87,0,0.0543,5.53,0,0.687,0.317,0,Cb,C,0,5181.24,JPL 77,2457200.5,57200,20150627,J2000,0.221798299,3.155684337,2.455758919,26.30345867,31.13399752,61.45203465,201.05598,3.855609755,0.175818165,2458104.525,20171217.03,2047.570002,5.605941141,1.56788,610.1718596,3.01,2.71E-08,7.45E-09,8.58E-08,0.00000431,0.00000705,0.000012256,0.00000944,9.10E-09,6.22E-10,0.000055515,0.00000725,MBA,Otto Matic,56580,1860-10-25,42270,1544,0,0,0,0.57,0,0,0,0,0
a0000034,2000034,    34 Circe,34,Circe,0,N,N,8.51,0,115490.00,1880.00,0,0,0,113031.23,0,0.0541,12.15,0,0.707,0.357,0,Ch,C,0,957.33,JPL 60,2457200.5,57200,20150627,J2000,0.104598124,2.688063472,2.406897076,5.498178885,184.4231177,330.4952538,173.7480774,2.969229869,0.223637586,2456423.582,20130511.08,1609.747302,4.407247918,1.41864,552.0921288,3.359,2.39E-08,6.66E-09,6.46E-08,0.00000258,0.000038354,0.00004172,0.000017206,7.35E-09,8.31E-10,0.000076482,0.00000598,MBA,Otto Matic,55291,1864-04-28,42262,1983,0,0,0,0.57,0,0,0,0,0
a0000035,2000035,    35 Leukothea,35,Leukothea,0,N,N,8.5,0,99240.00,1947.00,0,0,0,110516.79,0,0.0662,31.9,0,0.703,0.335,0,C,C,0,3321.22,JPL 29,2457200.5,57200,20150627,J2000,0.226777032,2.993740795,2.314829143,7.935752034,353.7534529,213.3099089,308.9042196,3.672652446,0.19027546,2457469.036,20160321.54,1891.993848,5.179996846,1.31611,512.1905287,3.201,3.09E-08,8.92E-09,9.38E-08,0.00000413,0.000028357,0.000030044,0.000011186,1.09E-08,8.51E-10,0.0000595,0.000008458,MBA,Otto Matic,56673,1860-03-11,42135,1898,0,0,0,0.57,0,0,0,0,0
a0000036,2000036,    36 Atalante,36,Atalante,0,N,N,8.46,0,103000.00,11451.00,0,0,0,124666.79,0,0.0654,9.93,0,0.713,0.363,0,0,C,0,1419.57,JPL 73,2457200.5,57200,20150627,J2000,0.302000848,2.74873572,1.918615203,18.42627879,358.4136254,46.987519,357.9872095,3.578856237,0.21627414,2457209.807,20150706.31,1664.554067,4.557300662,0.96799,376.7126683,3.208,5.19E-08,1.07E-08,0.000000143,0.0000061,0.000013253,0.000016222,0.00000926,1.39E-08,1.26E-09,0.000042835,0.000009712,MBA,Otto Matic,54302,1866-02-08,41924,981,0,0,0,0.54,0,0,0,0,0
a0000038,2000038,    38 Leda,38,Leda,0,N,N,8.32,0,92250.00,490.00,0,0,0,91578.88,0,0.0618,12.838,0,0.726,0.419,0,Cgh,C,0,1416.43,JPL 88,2457200.5,57200,20150627,J2000,0.155574116,2.739363351,2.313189318,6.972200445,295.7504684,169.60341,60.20399987,3.165537384,0.217385019,2456923.554,20140923.05,1656.047879,4.534011988,1.331,517.98527,3.322,0.000000034,7.73E-09,9.31E-08,0.00000409,0.000034804,0.000037176,0.000012993,8.93E-09,9.20E-10,0.000059478,0.00000701,MBA,Otto Matic,58264,1856-01-29,42223,1571,0,0,0,0.57,0,0,0,0,0
a0000039,2000039,    39 Laetitia,39,Laetitia,0,N,N,6,0,179480.00,1680.00,0,0,0,205815.95,0,0.2869,5.138,0,0.898,0.494,0,S,S,0,1961.67,JPL 88,2457200.5,57200,20150627,J2000,0.113801029,2.768642731,2.453568339,10.38093281,157.1145362,208.2744578,2.953614159,3.083717122,0.213945767,2457186.695,20150613.19,1682.669423,4.606897805,1.45562,566.4836354,3.305,3.01E-08,4.03E-09,8.32E-08,0.00000352,0.000019066,0.000022972,0.000013773,4.49E-09,4.67E-10,0.000064365,0.00000367,MBA,Otto Matic,58236,1856-02-28,42225,5246,0,0,0,0.42,0,0,0,0,0
a0000040,2000040,    40 Harmonia,40,Harmonia,0,N,N,7,0,111250.00,390.00,0,0,0,122514.74,0,0.2418,8.91,0,0.854,0.432,0,S,S,0,1708.24,JPL 101,2457200.5,57200,20150627,J2000,0.046621499,2.266874648,2.161189554,4.257667219,94.23701839,268.6290953,64.45811492,2.372559741,0.288777143,2456977.289,20141115.79,1246.63606,3.413103518,1.1627,452.487959,3.61,2.68E-08,2.30E-09,6.09E-08,0.00000281,0.000042883,0.000051766,0.000029628,2.40E-09,4.39E-10,0.00010254,0.00000189,MBA,Otto Matic,55148,1864-09-27,42271,4662,0,0,0,0.45,0,0,0,0,0
a0000043,2000043,    43 Ariadne,43,Ariadne,0,N,N,7.93,0.11,71340.00,1250.00,0,0,0,65739.30,0,0.274,5.762,0,0.863,0.49,0,Sk,S,0,1455.54,JPL 95,2457200.5,57200,20150627,J2000,0.168763327,2.203124986,1.831318284,3.470344517,264.8652614,16.31662207,75.9062942,2.574931688,0.301401473,2456948.656,20141018.16,1194.420176,3.270144218,0.815003,317.1747175,3.642,3.06E-08,3.62E-09,6.74E-08,0.00000403,0.000060745,0.000061495,0.000010185,4.23E-09,7.43E-10,0.000033688,0.000002946,MBA,Otto Matic,55176,1864-08-03,42244,1673,0,0,0,0.6,0,0,0,0,0
a0000045,2000045,    45 Eugenia,45,Eugenia,0,N,N,7.46,0.07,206141.00,6218.00,0,0,0,268823.11,0,0.0398,5.699,0,0.676,0.274,0,C,FC,0,13827.68,JPL 86,2457200.5,57200,20150627,J2000,0.083432674,2.720857949,2.493849495,6.603743351,147.6776503,88.70536328,90.28229556,2.947866403,0.219606541,2456789.391,20140511.89,1639.295436,4.488146301,1.49324,581.1242108,3.344,2.69E-08,5.55E-09,7.42E-08,0.00000306,0.000028934,0.000033296,0.000017045,6.01E-09,6.72E-10,0.000077491,0.00000501,MBA,Otto Matic,54548,1866-05-19,42270,2390,0,0,0,0.53,0,0,0,0,0
a0000047,2000047,    47 Aglaja,47,Aglaja,0,N,N,7.84,0.16,138000.00,13000.00,0,0,0,123660.44,0,0.0801,13.178,0,0.665,0.3,0,B,C,0,2856.99,JPL 90,2457200.5,57200,20150627,J2000,0.132691142,2.879468248,2.497388319,4.983101661,3.123901132,313.9166015,131.1166534,3.261548177,0.20171381,2456550.487,20130914.99,1784.706756,4.886260798,1.48729,578.8086493,3.276,3.11E-08,8.82E-09,9.02E-08,0.00000442,0.000042987,0.000046311,0.000017228,9.99E-09,9.27E-10,0.000084527,0.0000082,MBA,Otto Matic,56816,1860-02-24,42262,1583,0,0,0,0.61,0,0,0,0,0
a0000048,2000048,    48 Doris,48,Doris,0,N,N,6.9,0,216470.00,4760.00,0,0,0,222139.31,0,0.0624,11.89,0,0.716,0.442,0,Ch,CG,0,8661.36,JPL 153,2457200.5,57200,20150627,J2000,0.07332513,3.110080729,2.882033655,6.547067227,183.5745974,253.5992909,177.389746,3.338127804,0.179699381,2456213.353,20121012.85,2003.345802,5.484861881,1.90649,741.9487133,3.205,2.57E-08,7.90E-09,8.05E-08,0.00000301,0.000027455,0.00003412,0.000020448,8.48E-09,6.85E-10,0.00011339,0.000007637,MBA,Otto Matic,56819,1860-02-27,42268,2003,0,0,0,0.59,0,0,0,0,0
a0000050,2000050,    50 Virginia,50,Virginia,0,N,N,9.24,0,84070.00,240.00,0,0,0,84651.07,0,0.0357,14.315,0,0.703,0.347,0,Ch,X,0,3756.32,JPL 92,2457200.5,57200,20150627,J2000,0.285670391,2.649305856,1.892477616,2.837831964,173.5325726,200.2259761,198.2987206,3.406134096,0.228562998,2457907.969,20170603.47,1575.058091,4.312274035,0.893617,347.7689279,3.33,0.000000033,4.68E-09,8.76E-08,0.00000418,0.000071246,0.000071407,0.00000708,6.01E-09,6.05E-10,0.000032136,0.00000417,MBA,Otto Matic,57651,1857-10-19,42239,2123,0,0,0,0.55,0,0,0,0,0
a0000051,2000051,    51 Nemausa,51,Nemausa,0,N,N,7.35,0.08,142600.00,12503.00,0,0,0,145628.74,0,0.0928,7.783,0,0.789,0.482,0,Ch,CU,0,1750.16,JPL 100,2457200.5,57200,20150627,J2000,0.066925226,2.365410152,2.207104544,9.979866562,176.0224084,2.203164925,77.19289546,2.52371576,0.270922073,2456915.573,20140915.07,1328.795386,3.638043493,1.21123,471.3743791,3.525,1.75E-08,2.28E-09,4.16E-08,0.00000202,0.000015722,0.000025809,0.000020494,2.43E-09,3.92E-10,0.000075653,0.00000192,MBA,Otto Matic,55506,1863-09-12,42248,4629,0,0,0,0.5,0,0,0,0,0
a0000052,2000052,    52 Europa,52,Europa,0,N,N,6.31,0.18,334563.00,20945.00,0,0,0,350828.13,0,0.0578,5.6304,0,0.679,0.338,0,C,CF,0,7494.18,JPL 89,2457200.5,57200,20150627,J2000,0.107768396,3.094574454,2.761077127,7.483139578,128.7280612,344.3550171,342.9659063,3.42807178,0.181051726,2457294.584,20150929.08,1988.382036,5.443893324,1.77899,692.3295383,3.202,2.88E-08,6.77E-09,8.94E-08,0.000003,0.000024175,0.000028143,0.000013517,7.50E-09,5.94E-10,0.000074668,0.00000652,MBA,Davide Farnocchia,55793,1860-07-09,41375,2209,0,0,0,0.6,0,0,0,0,0
a0000053,2000053,    53 Kalypso,53,Kalypso,0,N,N,8.81,0,115000.00,8000.00,0,0,0,95875.64,0,0.0397,9.036,0,0.705,0.318,0,0,XC,0,931.64,JPL 142,2457200.5,57200,20150627,J2000,0.206328082,2.616362857,2.076533726,5.171651072,143.5623823,313.3772805,98.28161073,3.156191988,0.232893363,2456778.497,20140431,1545.771833,4.232092631,1.0979,427.269743,3.371,3.74E-08,5.36E-09,9.88E-08,0.00000452,0.00004701,0.000047686,0.00000823,6.47E-09,7.16E-10,0.000034749,0.00000475,MBA,Otto Matic,54664,1866-01-01,42248,1780,1,0,0,0.55,0,0,0,0,0
a0000054,2000054,    54 Alexandra,54,Alexandra,0,N,N,7.66,0,142000.00,14758.00,0,0,0,170493.15,0,0.0555,7.024,0,0.727,0.357,0,C,C,0,2525.96,JPL 151,2457200.5,57200,20150627,J2000,0.198257774,2.71016139,2.172850825,11.80159562,313.3349092,345.2322248,68.76208204,3.247471955,0.220907949,2456889.23,20140819.73,1629.638055,4.461705831,1.15934,451.1803478,3.305,3.25E-08,7.62E-09,8.95E-08,0.00000407,0.000016985,0.000018839,0.0000091,9.13E-09,9.32E-10,0.000040638,0.00000688,MBA,Otto Matic,55461,1863-10-24,42245,1401,0,0,0,0.56,0,0,0,0,0
a0000057,2000057,    57 Mnemosyne,57,Mnemosyne,0,N,N,7.03,0,120070.00,3550.00,0,0,0,119231.89,0,0.2149,12.463,0,0.817,0.41,0,S,S,0,1217.14,JPL 17,2457200.5,57200,20150627,J2000,0.114329783,3.152529696,2.792101661,15.2137893,199.2103035,211.0509249,256.2147573,3.512957731,0.176082135,2457789.914,20170205.41,2044.50043,5.597537111,1.81183,705.1098811,3.143,4.97E-08,9.21E-09,0.000000157,0.00000593,0.000020045,0.000027888,0.000021714,1.03E-08,7.72E-10,0.00012441,0.00000896,MBA,Otto Matic,56883,1859-12-22,42265,1704,0,0,0,0.52,0,0,0,0,0
a0000058,2000058,    58 Concordia,58,Concordia,0,N,N,8.86,0,92307.00,1541.00,0,0,0,85600.97,0,0.0578,9.895,0,0.69,0.37,0,Ch,C,0,1395.95,JPL 96,2457200.5,57200,20150627,J2000,0.043600198,2.700529468,2.58278585,5.065434603,161.1203342,29.96903939,348.3072924,2.818273087,0.222090864,2457253.148,20150818.65,1620.958171,4.437941604,1.58463,616.6904571,3.361,0.000000042,8.65E-09,0.000000114,0.00000472,0.000048545,0.000067262,0.000046164,9.03E-09,1.07E-09,0.0002079,0.00000779,MBA,Otto Matic,55314,1864-02-09,42206,2036,0,0,0,0.55,0,0,0,0,0
a0000060,2000060,    60 Echo,60,Echo,0,N,N,8.21,0.27,43220.00,570.00,0,0,0,50596.48,0,0.2535,25.208,0,0.854,0.452,0,S,S,0,3709.07,JPL 102,2457200.5,57200,20150627,J2000,0.183490943,2.393118239,1.954002717,3.600913325,191.6019572,270.9478036,195.9863641,2.832233761,0.266230519,2457816.559,20170304.06,1352.211615,3.702153633,0.975377,379.5874671,3.505,2.93E-08,4.91E-09,7.03E-08,0.00000377,0.000057977,0.000058425,0.00000951,5.81E-09,8.19E-10,0.000036469,0.00000416,MBA,Otto Matic,56488,1861-01-05,42250,1976,0,0,0,0.54,0,0,0,0,0
a0000061,2000061,    61 Danae,61,Danae,0,N,N,7.68,0,85125.00,1962.00,0,0,0,81560.94,0,0.2224,11.45,0,0.852,0.402,0,S,S,0,805.39,JPL 18,2457200.5,57200,20150627,J2000,0.16732325,2.983158353,2.484006601,18.21215921,333.7275196,12.84584429,3.828922306,3.482310104,0.191288831,2457180.484,20150606.98,1881.97083,5.152555319,1.47878,575.4968126,3.162,4.87E-08,1.12E-08,0.000000145,0.00000614,0.000016342,0.000023845,0.00001888,0.000000013,1.07E-09,0.000098671,0.000010566,MBA,Otto Matic,54815,1865-08-27,42272,1113,0,0,0,0.64,0,0,0,0,0
a0000063,2000063,    63 Ausonia,63,Ausonia,0,N,N,7.55,0.25,91630.00,4360.00,0,0,0,87255.36,0,0.1586,9.298,0,0.916,0.5,0,Sa,S,0,10324.40,JPL 90,2457200.5,57200,20150627,J2000,0.127741338,2.394554726,2.088671101,5.780218473,337.7675982,296.0036851,127.2109938,2.700438352,0.265990988,2456722.247,20140305.75,1353.42931,3.705487503,1.08008,420.3347336,3.512,0.000000028,4.03E-09,6.77E-08,0.00000335,0.000033383,0.000035578,0.000013221,4.55E-09,6.72E-10,0.000049503,0.00000342,MBA,Otto Matic,56397,1861-03-01,42214,1977,0,0,0,0.59,0,0,0,0,0
a0000064,2000064,    64 Angelina,64,Angelina,0,N,N,7.67,0.48,50300.00,9389.00,0,0,0,54562.80,0,0.157,8.752,0,0.734,0.254,0,Xe,E,0,4010.82,JPL 97,2457200.5,57200,20150627,J2000,0.126452713,2.680834777,2.341835946,1.310115433,309.1483494,178.7117754,84.5472552,3.019833607,0.224542731,2456823.969,20140615.47,1603.258311,4.389482029,1.35751,528.3021667,3.365,2.55E-08,6.34E-09,6.85E-08,0.0000031,0.00018465,0.00018544,0.000015439,7.14E-09,7.96E-10,0.000068438,0.000005686,MBA,Otto Matic,56422,1861-03-08,42246,1845,0,0,0,0.58,0,0,0,0,0
a0000067,2000067,    67 Asia,67,Asia,0,N,N,8.28,0,62703.00,1756.00,0,0,0,60233.28,0,0.2551,15.853,0,0.861,0.434,0,S,S,0,2694.50,JPL 107,2457200.5,57200,20150627,J2000,0.184793953,2.421519619,1.974037436,6.029834165,202.4459214,107.1389776,272.1898934,2.869001803,0.261560456,2457536.216,20160527.72,1376.354842,3.768254187,0.969919,377.4633772,3.482,2.74E-08,5.33E-09,6.72E-08,0.00000357,0.00003218,0.000033164,0.00000846,6.31E-09,8.63E-10,0.000032606,0.000004542,MBA,Otto Matic,55336,1864-03-02,42250,1824,0,0,0,0.55,0,0,0,0,0
a0000068,2000068,    68 Leto,68,Leto,0,N,N,6.78,0.05,128853.00,4168.00,0,0,0,110610.84,0,0.2283,14.848,0,0.845,0.488,0,0,S,0,2468.77,JPL 89,2457200.5,57200,20150627,J2000,0.187188768,2.781465272,2.260806214,7.971297811,44.13228518,304.8823273,323.6829158,3.302124329,0.21246804,2457371.43,20151214.93,1694.372483,4.638939035,1.2666,492.922722,3.293,3.02E-08,5.42E-09,8.37E-08,0.00000364,0.000027753,0.000029341,0.000009559,6.44E-09,6.21E-10,0.000045152,0.00000495,MBA,Otto Matic,55320,1863-11-30,42141,1664,0,0,0,0.62,0,0,0,0,0
a0000070,2000070,    70 Panopaea,70,Panopaea,0,N,N,8.11,0.14,127910.00,740.00,0,0,0,158819.15,0,0.0675,15.797,0,0.74,0.39,0,Ch,C,0,8570.38,JPL 26,2457200.5,57200,20150627,J2000,0.182130909,2.614482364,2.138304313,11.59126333,47.73608696,255.4033084,104.2406385,3.090660415,0.233144674,2456753.393,20140405.89,1544.105614,4.227530769,1.15805,450.6783185,3.356,3.54E-08,7.91E-09,9.23E-08,0.00000343,0.000022026,0.000023765,0.000011503,9.36E-09,1.06E-09,0.00004854,0.00000701,MBA,Otto Matic,54386,1866-09-19,42231,1358,0,0,0,0.56,0,0,0,0,0
a0000071,2000071,    71 Niobe,71,Niobe,0,N,N,7.3,0.4,82050.00,2620.00,0,0,0,87791.90,0,0.3052,35.864,0,0.803,0.439,0,Xe,S,0,2123.00,JPL 65,2457200.5,57200,20150627,J2000,0.173596703,2.756734771,2.278174703,23.26604397,316.037796,266.6669769,322.8524503,3.235294839,0.215333499,2457373.012,20151216.51,1671.825338,4.577208317,1.40891,548.3055047,3.205,0.000000034,9.12E-09,9.45E-08,0.00000383,0.00000989,0.000014508,0.0000126,1.07E-08,1.07E-09,0.000058749,0.0000083,MBA,Otto Matic,55257,1864-01-14,42123,1633,0,0,0,0.55,0,0,0,0,0
a0000073,2000073,    73 Klytia,73,Klytia,0,N,N,8.9,0,44590.00,940.00,0,0,0,45341.42,0,0.2247,8.297,0,0,0,0,0,S,0,2117.70,JPL 20,2457200.5,57200,20150627,J2000,0.043856373,2.664239184,2.547395316,2.370952664,7.035160554,53.01822771,198.7907546,2.781083053,0.226644016,2457911.788,20170607.29,1588.394022,4.348785824,1.5607,607.377619,3.382,4.21E-08,9.94E-09,0.000000112,0.00000495,0.00010745,0.00011814,0.00005072,1.04E-08,1.27E-09,0.00022398,0.00000889,MBA,Otto Matic,55133,1864-10-02,42261,1707,0,0,0,0.57,0,0,0,0,0
a0000075,2000075,    75 Eurydike,75,Eurydike,0,N,N,8.96,0.23,68593.00,1970.00,0,0,0,60159.29,0,0.1473,5.357,0,0.71,0.266,0,Xk,M,0,2313.43,JPL 56,2457200.5,57200,20150627,J2000,0.30566622,2.672342674,1.855497791,5.001076745,359.4216543,339.4244874,5.899930621,3.489187557,0.2256139,2457174.349,20150531.85,1595.646365,4.368641657,0.847783,329.9317101,3.307,3.82E-08,6.32E-09,0.000000102,0.00000481,0.000041908,0.000042354,0.0000075,8.25E-09,8.00E-10,0.000033189,0.00000566,MBA,Otto Matic,55377,1864-02-02,42262,2069,0,0,0,0.56,0,0,0,0,0
a0000076,2000076,    76 Freia,76,Freia,0,N,N,7.9,0,145420.00,1290.00,0,0,0,140306.78,0,0.0362,9.973,0,0.704,0.298,0,X,P,0,7812.16,JPL 34,2457200.5,57200,20150627,J2000,0.165908069,3.414698486,2.848172454,2.119812498,204.3090767,253.0048013,64.4819365,3.981224519,0.156198022,2456787.678,20140510.18,2304.766697,6.310107315,1.86654,726.4013718,3.12,0.000000034,1.24E-08,0.000000117,0.00000366,0.00011339,0.00011384,0.000011898,1.45E-08,8.53E-10,0.000075101,0.000012582,OMB,Otto Matic,55252,1864-04-23,42218,1977,0,0,0,0.63,0,0,0,0,0
a0000077,2000077,    77 Frigga,77,Frigga,0,N,N,8.52,0.16,61390.00,180.00,0,0,0,68433.26,0,0.144,9.012,0,0.746,0.249,0,Xe,MU,0,1589.75,JPL 58,2457200.5,57200,20150627,J2000,0.130555513,2.669345205,2.320847474,2.429226215,1.279046674,60.84521371,327.9993564,3.017842937,0.225994028,2457342.1,20151115.6,1592.962451,4.3612935,1.33539,519.6937263,3.368,3.43E-08,7.11E-09,9.15E-08,0.00000353,0.000093495,0.000094549,0.000013476,8.03E-09,9.02E-10,0.000059828,0.00000636,MBA,Otto Matic,49732,1879-07-18,42262,1848,0,0,0,0.57,0,0,0,0,0
a0000079,2000079,    79 Eurynome,79,Eurynome,0,N,N,7.96,0.25,72615.00,1726.00,0,0,0,73206.53,0,0.2618,5.978,0,0.874,0.421,0,S,S,0,686.83,JPL 94,2457200.5,57200,20150627,J2000,0.191391822,2.444512515,1.976652811,4.617240671,206.6288916,200.844976,228.2249258,2.91237222,0.257878821,2457711.496,20161119,1396.00452,3.822052074,0.98748,384.2975916,3.47,2.62E-08,4.18E-09,6.44E-08,0.00000364,0.000050643,0.000051573,0.000010836,4.99E-09,6.62E-10,0.000042477,0.00000358,MBA,Otto Matic,55496,1863-10-05,42261,1659,0,0,0,0.61,0,0,0,0,0
a0000080,2000080,    80 Sappho,80,Sappho,0,N,N,7.98,0,79000.00,9125.00,0,0,0,77286.58,0,0.1848,14.03,0,0.901,0.523,0,S,S,0,2085.19,JPL 22,2457200.5,57200,20150627,J2000,0.199983777,2.295522884,1.836455547,8.664746319,218.7741494,139.1341485,61.22025211,2.754590221,0.283388116,2456984.47,20141122.97,1270.342614,3.478008526,0.843709,328.3462315,3.553,2.26E-08,3.59E-09,5.16E-08,0.0000035,0.000018608,0.000020088,0.000008541,4.30E-09,6.64E-10,0.00002996,0.00000298,MBA,Otto Matic,54775,1865-10-08,42274,1694,0,0,0,0.62,0,0,0,0,0
a0000082,2000082,    82 Alkmene,82,Alkmene,0,N,N,8.4,0.28,57620.00,710.00,0,0,0,67199.90,0,0.2075,12.999,0,0.814,0.38,0,Sq,S,0,2899.89,JPL 89,2457200.5,57200,20150627,J2000,0.218652405,2.765255856,2.160626014,2.828881716,25.50228328,111.3178087,235.3779976,3.369885699,0.214338947,2457781.925,20170128.42,1679.582759,4.59844698,1.17683,457.9869311,3.303,3.55E-08,5.60E-09,9.77E-08,0.00000312,0.000085865,0.000086349,0.00000847,6.82E-09,6.51E-10,0.000040371,0.0000051,MBA,Otto Matic,55079,1864-12-05,42271,1880,0,0,0,0.6,0,0,0,0,0
a0000084,2000084,    84 Klio,84,Klio,0,N,N,9.32,0,79000.00,4867.00,0,0,0,67043.64,0,0.0527,23.562,0,0.733,0.445,0,Ch,G,0,4855.51,JPL 61,2457200.5,57200,20150627,J2000,0.236458665,2.361728051,1.803276989,9.331193974,327.5970429,14.65346626,87.92197619,2.920179112,0.271555899,2456876.729,20140807.23,1325.693902,3.629552093,0.796281,309.8886768,3.495,0.000000046,3.54E-09,0.000000109,0.00000563,0.000026474,0.000027701,0.00000885,4.38E-09,6.10E-10,0.000032332,0.00000298,MBA,Otto Matic,54812,1865-08-30,42272,1434,0,0,0,0.55,0,0,0,0,0
a0000086,2000086,    86 Semele,86,Semele,0,N,N,8.54,0,109930.00,610.00,0,0,0,111761.80,0,0.0466,16.634,0,0.703,0.321,0,0,C,0,5245.53,JPL 76,2457200.5,57200,20150627,J2000,0.210617348,3.115745314,2.459515299,4.815648488,86.32303755,308.8192648,100.0601106,3.771975328,0.17920955,2456642.159,20131215.66,2008.821522,5.499853585,1.47036,572.2200012,3.178,4.29E-08,1.35E-08,0.000000133,0.00000387,0.000059558,0.000060065,0.00000928,1.63E-08,1.16E-09,0.00005024,0.000013042,MBA,Otto Matic,52361,1871-12-29,42133,1632,0,0,0,0.56,0,0,0,0,0
a0000087,2000087,    87 Sylvia,87,Sylvia,0,N,N,6.94,0,253050.00,2950.00,0,0,0,273600.73,0,0.0435,5.184,0,0.71,0.251,0,X,P,0,4793.69,JPL 73,2457200.5,57200,20150627,J2000,0.091980853,3.479497508,3.159450359,10.87780223,73.05831328,263.6732915,240.2248913,3.799544658,0.151855064,2457989.246,20170823.75,2370.68156,6.490572375,2.17548,846.6315516,3.095,3.31E-08,1.48E-08,0.000000116,0.00000406,0.000020453,0.000034064,0.000030033,1.62E-08,9.69E-10,0.0002002,0.000015123,OMB,Davide Farnocchia,43267,1894-11-02,41383,2348,0,0,0,0.48,0,0,0,0,0
a0000089,2000089,    89 Julia,89,Julia,0,N,N,6.6,0.15,145480.00,1270.00,0,0,0,161898.60,0,0.1764,11.387,0,0.859,0.442,0,K,S,0,2715.26,JPL 90,2457200.5,57200,20150627,J2000,0.183304859,2.552396291,2.084529648,16.1341042,311.5984312,45.29430463,158.7662741,3.020262934,0.241702931,2456543.635,20130908.13,1489.43167,4.077841671,1.10642,430.5854714,3.361,3.63E-08,4.55E-09,9.36E-08,0.00000306,0.000015419,0.000017535,0.00000822,5.38E-09,6.46E-10,0.000034018,0.00000398,MBA,Otto Matic,54349,1866-08-07,42151,1723,0,0,0,0.61,0,0,0,0,0
a0000090,2000090,    90 Antiope,90,Antiope,0,N,N,8.27,0,118713.00,2032.00,0,0,0,122335.65,0,0.0603,16.509,0,0.688,0.317,0,C,C,0,1304.29,JPL 83,2457200.5,57200,20150627,J2000,0.165076229,3.149310431,2.629434142,2.207079652,69.97668924,244.8000565,258.4013654,3.669186721,0.176352194,2457776.612,20170123.11,2041.36956,5.588965256,1.61647,629.0816299,3.186,3.33E-08,1.09E-08,0.000000106,0.00000356,0.000097709,0.000098249,0.000011018,1.27E-08,9.13E-10,0.000062844,0.000010565,MBA,Otto Matic,54379,1866-10-01,42236,3005,0,0,0,0.46,0,0,0,0,0
a0000091,2000091,    91 Aegina,91,Aegina,0,N,N,8.84,0,103340.00,3340.00,0,0,0,102102.88,0,0.0426,6.025,0,0.724,0.317,0,Ch,CP,0,930.33,JPL 99,2457200.5,57200,20150627,J2000,0.106600344,2.589978528,2.313885926,2.106676176,10.66212114,72.753008,197.2684031,2.86607113,0.236461167,2457888.696,20170515.2,1522.448716,4.168237416,1.3315,518.179855,3.411,4.17E-08,6.50E-09,0.000000108,0.00000328,0.00011953,0.000121,0.000015506,7.19E-09,8.90E-10,0.000066371,0.00000573,MBA,Otto Matic,54353,1866-11-10,42250,1682,0,0,0,0.6,0,0,0,0,0
a0000094,2000094,    94 Aurora,94,Aurora,0,N,N,7.57,0,187500.00,7256.00,0,0,0,160066.43,0,0.0395,7.22,0,0.663,0.301,0,C,CP,0,1983.50,JPL 75,2457200.5,57200,20150627,J2000,0.09036808,3.161794521,2.876069222,7.967768315,2.620130916,61.04687652,62.52927112,3.447519821,0.175308757,2456843.819,20140705.32,2053.519782,5.62223075,1.89982,739.3529494,3.183,2.53E-08,1.17E-08,0.000000083,0.00000326,0.000023782,0.000030283,0.000018245,1.27E-08,9.71E-10,0.00010377,0.000011369,MBA,Otto Matic,52124,1872-07-26,42106,1776,0,0,0,0.55,0,0,0,0,0
a0000095,2000095,    95 Arethusa,95,Arethusa,0,N,N,8,0,147970.00,5150.00,0,0,0,137216.64,0,0.0698,8.705,0,0.711,0.374,0,Ch,C,0,2830.67,JPL 19,2457200.5,57200,20150627,J2000,0.152492825,3.064116936,2.596861089,12.99636603,243.0395299,154.2873568,176.5721903,3.531372783,0.183757922,2456239.604,20121108.1,1959.099211,5.363721317,1.61225,627.4393325,3.176,3.86E-08,1.02E-08,0.000000118,0.00000463,0.000022722,0.000027574,0.00001532,1.17E-08,9.14E-10,0.000081924,0.000009742,MBA,Otto Matic,52205,1872-09-23,42246,1381,0,0,0,0.57,0,0,0,0,0
a0000097,2000097,    97 Klotho,97,Klotho,0,N,N,7.63,0,100720.00,640.00,0,0,0,110407.95,0,0.2285,35.15,0,0.716,0.226,0,0,M,0,1122.49,JPL 72,2457200.5,57200,20150627,J2000,0.25445828,2.670185422,1.990734633,11.78391819,159.7066153,268.5861911,354.8316306,3.349636211,0.225887367,2457223.38,20150719.88,1593.714624,4.363352837,1.04554,406.8928018,3.305,2.59E-08,5.96E-09,6.88E-08,0.00000347,0.000016657,0.000017541,0.00000714,7.48E-09,7.56E-10,0.000031631,0.00000534,MBA,Otto Matic,53021,1870-07-23,42269,1766,0,0,0,0.58,0,0,0,0,0
a0000099,2000099,    99 Dike,99,Dike,0,N,N,9.43,0,67350.00,420.00,0,0,0,70226.65,0,0.0627,18.127,0,0.703,0.322,0,Xk,C,0,2544.55,JPL 74,2457200.5,57200,20150627,J2000,0.195429321,2.666390637,2.145299726,13.84403006,41.55870498,195.3349554,287.6834401,3.187481549,0.22636976,2457519.962,20160511.46,1590.318424,4.35405455,1.13738,442.6341746,3.315,4.77E-08,0.000000013,0.000000128,0.00000534,0.000019759,0.000022668,0.000014825,1.56E-08,1.66E-09,0.000066976,0.000011658,MBA,Otto Matic,36623,5499,42122,1339,0,0,0,0.52,0,0,0,0,0
a0000100,2000100,   100 Hekate,100,Hekate,0,N,N,7.67,0,91421.00,1854.00,0,0,0,80408.97,0,0.1922,27.066,0,0.838,0.363,0,S,S,0,1151.84,JPL 18,2457200.5,57200,20150627,J2000,0.16835985,3.089746363,2.56955713,6.429906652,127.2034255,184.8007575,352.0034258,3.609935596,0.181476264,2457244.564,20150810.06,1983.730503,5.431158119,1.55523,605.2488591,3.194,4.49E-08,1.32E-08,0.000000141,0.00000521,0.000040359,0.000042544,0.00001668,1.55E-08,1.17E-09,0.000091998,0.000012752,MBA,Otto Matic,52822,1871-01-15,42246,1620,0,0,0,0.6,0,0,0,0,0
a0000102,2000102,   102 Miriam,102,Miriam,0,N,N,9.26,0,85859.00,2212.00,0,0,0,81305.79,0,0.0507,23.613,0,0.726,0.371,0,C,P,0,2438.24,JPL 72,2457200.5,57200,20150627,J2000,0.252979376,2.660804322,1.987675705,5.17808051,210.862649,147.2834926,293.0563588,3.333932939,0.227083023,2457495.298,20160416.8,1585.323264,4.340378547,0.986643,383.9718563,3.334,2.79E-08,7.40E-09,7.28E-08,0.00000333,0.000037467,0.000038064,0.00000899,9.27E-09,9.47E-10,0.000040421,0.000006609,MBA,Otto Matic,53198,1870-01-28,42270,1815,0,0,0,0.53,0,0,0,0,0
a0000103,2000103,   103 Hera,103,Hera,0,N,N,7.66,0,84712.00,1023.00,0,0,0,79150.82,0,0.1833,23.74,0,0.853,0.441,0,S,S,0,1659.64,JPL 90,2457200.5,57200,20150627,J2000,0.081272572,2.701808529,2.482225601,5.419510416,136.1880641,188.5531315,44.34538843,2.921391457,0.221933173,2457000.686,20141209.19,1622.109917,4.441094912,1.46997,572.0682249,3.356,2.97E-08,7.83E-09,8.08E-08,0.00000376,0.000038605,0.00004331,0.000020781,8.47E-09,9.65E-10,0.000093397,0.00000705,MBA,Otto Matic,52728,1871-04-04,42231,1521,0,0,0,0.59,0,0,0,0,0
a0000104,2000104,   104 Klymene,104,Klymene,0,N,N,8.27,0,125843.00,2618.00,0,0,0,127139.72,0,0.0568,8.984,0,0.688,0.34,0,Ch,C,0,5878.88,JPL 76,2457200.5,57200,20150627,J2000,0.156115897,3.150030053,2.658260287,2.7887936,41.76331169,31.96843763,31.29498459,3.641799819,0.176291766,2457022.982,20141231.48,2042.069283,5.590880994,1.67418,651.5406306,3.187,0.000000037,1.19E-08,0.000000118,0.000004714,0.000082689,0.000083713,0.000012342,1.37E-08,9.97E-10,0.000069855,0.000011549,MBA,Otto Matic,47303,1885-09-16,42085,1665,0,0,0,0.55,0,0,0,0,0
a0000105,2000105,   105 Artemis,105,Artemis,0,N,N,8.57,0.1,119000.00,17337.00,0,0,0,119951.68,0,0.0465,37.15506,0,0.693,0.317,0,Ch,C,0,4117.18,JPL 91,2457200.5,57200,20150627,J2000,0.177682073,2.37328188,1.951592235,21.44384176,188.2626142,57.12804763,148.9952292,2.794971524,0.269575295,2456647.796,20131221.3,1335.433947,3.656218883,1.01041,393.2212597,3.43,2.79E-08,5.77E-09,6.64E-08,0.00000439,0.000012177,0.000018345,0.00001439,6.80E-09,9.84E-10,0.000052634,0.00000487,MBA,Otto Matic,36609,5650,42259,1440,2,0,0,0.52,0,0,0,0,0
a0000107,2000107,   107 Camilla,107,Camilla,0,N,N,7.08,0.08,219374.00,5938.00,0,0,0,226994.31,0,0.0525,4.844,0,0.705,0.298,0,X,C,0,15891.82,JPL 84,2457200.5,57200,20150627,J2000,0.06650784,3.487938043,3.255962818,10.00274014,172.6171714,306.79801,114.6902862,3.719913268,0.151304182,2456442.489,20130529.99,2379.312957,6.514203853,2.28445,889.0394065,3.101,0.000000025,1.59E-08,8.78E-08,0.00000338,0.000019078,0.000032086,0.000025459,0.000000017,1.04E-09,0.00016862,0.000016305,OMB,Otto Matic,53568,1868-12-05,42221,2042,0,0,0,0.57,0,0,0,0,0
a0000108,2000108,   108 Hecuba,108,Hecuba,0,N,N,8.09,0,75498.00,1891.00,0,0,0,77289.57,0,0.2431,14.256,0,0.855,0.502,0,Sl,S,0,2698.16,JPL 31,2457200.5,57200,20150627,J2000,0.055467809,3.238739152,3.059093386,4.220616055,350.0145068,204.3838015,99.2917701,3.418384917,0.169098641,2456613.317,20131116.82,2128.934911,5.828706123,2.05904,801.3165968,3.178,3.27E-08,1.62E-08,0.000000108,0.00000452,0.000042979,0.000052244,0.000030273,1.71E-08,1.27E-09,0.00018079,0.000016012,OMB,Otto Matic,49500,1880-01-26,42222,1659,0,0,0,0.6,0,0,0,0,0
a0000109,2000109,   109 Felicitas,109,Felicitas,0,N,N,8.75,0.04,89000.00,6165.00,0,0,0,80135.57,0,0.0699,13.191,0,0.696,0.408,0,Ch,GC,0,1032.52,JPL 15,2457200.5,57200,20150627,J2000,0.296921341,2.697465462,1.8965304,7.881103904,3.162170749,56.3782813,301.7005086,3.498400524,0.222469375,2457462.556,20160315.06,1618.200257,4.430390849,0.921998,358.8139617,3.291,4.63E-08,6.98E-09,0.000000124,0.00000557,0.00003656,0.000037619,0.00000773,9.05E-09,8.63E-10,0.000035288,0.00000628,MBA,Otto Matic,53296,1869-10-10,42258,1143,0,0,0,0.55,0,0,0,0,0
a0000110,2000110,   110 Lydia,110,Lydia,0,N,N,7.8,0.2,88200.00,2710.00,0,0,0,90698.59,0,0.1808,10.927,0,0.705,0.298,0,X,M,0,2158.54,JPL 69,2457200.5,57200,20150627,J2000,0.08086548,2.731793517,2.510885723,5.965065121,56.87583027,283.6544624,260.8843701,2.95270131,0.21828921,2457654.556,20160923.06,1649.18825,4.515231348,1.51092,588.0047364,3.341,2.99E-08,1.05E-08,8.06E-08,0.00000395,0.000034092,0.000042149,0.000025364,1.13E-08,1.25E-09,0.00011702,0.00000947,MBA,Otto Matic,53051,1870-06-26,42272,1731,0,0,0,0.45,0,0,0,0,0
a0000111,2000111,   111 Ate,111,Ate,0,N,N,8.02,0,135000.00,18583.00,0,0,0,139342.61,0,0.0605,22.072,0,0.69,0.389,0,Ch,C,0,7633.35,JPL 82,2457200.5,57200,20150627,J2000,0.103570298,2.593004398,2.32444616,4.932198068,305.7565133,166.4119082,96.20027686,2.861562636,0.236047385,2456792.954,20140515.45,1525.117509,4.175544172,1.34192,522.2350064,3.406,0.000000029,6.85E-09,7.62E-08,0.00000356,0.000034551,0.000036947,0.000013779,7.56E-09,9.35E-10,0.000057862,0.00000604,MBA,Otto Matic,52979,1870-08-15,42250,1771,0,0,0,0.61,0,0,0,0,0
a0000113,2000113,   113 Amalthea,113,Amalthea,0,N,N,8.74,0.35,50140.00,1270.00,0,0,0,49442.26,0,0.2649,9.95,0,0.925,0.521,0,S,S,0,3505.48,JPL 99,2457200.5,57200,20150627,J2000,0.086428637,2.376452224,2.171058697,5.042324689,123.4908184,79.03765965,118.9363124,2.58184575,0.269036028,2456758.417,20140410.92,1338.110746,3.663547559,1.17482,457.2046994,3.531,3.08E-08,4.14E-09,7.33E-08,0.00000349,0.000043993,0.000047772,0.00001882,4.50E-09,7.04E-10,0.000069788,0.0000035,MBA,Otto Matic,52786,1871-03-12,42266,1990,0,0,0,0.57,0,0,0,0,0
a0000114,2000114,   114 Kassandra,114,Kassandra,0,N,N,8.26,0,94180.00,950.00,0,0,0,99247.90,0,0.0884,10.7431,0,0.768,0.269,0,Xk,T,0,3590.86,JPL 98,2457200.5,57200,20150627,J2000,0.135464744,2.677725723,2.314988294,4.936423739,164.2249255,352.111781,107.1715802,3.040463153,0.224933913,2456724.042,20140307.54,1600.470092,4.3818483,1.32512,515.6969504,3.359,3.47E-08,8.10E-09,9.36E-08,0.00000374,0.00004128,0.000043007,0.000012172,9.20E-09,1.02E-09,0.000053608,0.00000726,MBA,Otto Matic,41288,977,42265,1544,0,0,0,0.58,0,0,0,0,0
a0000115,2000115,   115 Thyra,115,Thyra,0,N,N,7.51,0.12,55139.00,11189.00,0,0,0,103982.11,0,0.2747,7.241,0,0.851,0.431,0,S,S,0,13425.43,JPL 57,2457200.5,57200,20150627,J2000,0.19173281,2.379596771,1.923349995,11.60029379,308.9118161,96.78470419,1.190286995,2.835843548,0.268502923,2457196.067,20150622.57,1340.767528,3.670821433,0.973687,378.9297698,3.487,2.92E-08,3.62E-09,6.93E-08,0.000003567,0.000017613,0.000019911,0.00000906,4.32E-09,6.13E-10,0.00003374,0.00000306,MBA,Otto Matic,52113,1872-12-25,42247,1473,0,0,0,0.6,0,0,0,0,0
a0000117,2000117,   117 Lomia,117,Lomia,0,N,N,7.95,0,173274.00,3538.00,0,0,0,162576.81,0,0.0528,9.127,0,0.687,0.306,0,X,XC,0,1346.19,JPL 79,2457200.5,57200,20150627,J2000,0.028194034,2.991448736,2.90710773,14.90206966,348.7914294,52.90788817,240.8544727,3.075789742,0.190494187,2457825.955,20170313.45,1889.82145,5.174049144,1.92532,749.2767844,3.204,3.98E-08,1.19E-08,0.000000119,0.00000484,0.000016671,0.000086249,0.000084231,1.23E-08,1.14E-09,0.00044331,0.000011303,MBA,Otto Matic,44908,1892-10-10,42271,1470,0,0,0,0.51,0,0,0,0,0
a0000118,2000118,   118 Peitho,118,Peitho,0,N,N,9.14,0,40210.00,490.00,0,0,0,43121.16,0,0.224,7.8055,0,0.859,0.433,0,S,S,0,4425.20,JPL 45,2457200.5,57200,20150627,J2000,0.163116492,2.43739206,2.039813217,7.742449939,47.70513155,33.31549011,307.6246711,2.834970903,0.259009674,2457402.714,20160115.21,1389.909473,3.805364745,1.06058,412.7459186,3.473,4.04E-08,6.30E-09,9.92E-08,0.00000559,0.000037791,0.000041372,0.000016897,7.33E-09,0.000000001,0.000065436,0.00000539,MBA,Otto Matic,52402,1872-03-22,42258,1094,0,0,0,0.59,0,0,0,0,0
a0000119,2000119,   119 Althaea,119,Althaea,0,N,N,8.42,0,59340.00,1460.00,0,0,0,54844.17,0,0.2306,11.484,0,0.874,0.342,0,Sl,S,0,2930.60,JPL 58,2457200.5,57200,20150627,J2000,0.080845057,2.581254436,2.372572775,5.78288566,203.6779252,169.9106151,19.88772169,2.789936098,0.237660962,2457116.819,20150404.32,1514.762866,4.147194705,1.37354,534.5405618,3.413,3.63E-08,6.16E-09,0.000000094,0.00000427,0.000040203,0.00004701,0.000024316,6.66E-09,8.51E-10,0.00010224,0.00000542,MBA,Otto Matic,52387,1872-04-13,42265,1740,0,0,0,0.6,0,0,0,0,0
a0000120,2000120,   120 Lachesis,120,Lachesis,0,N,N,7.75,0,155130.00,1130.00,0,0,0,158872.90,0,0.0463,46.551,0,0.707,0.383,0,C,C,0,2503.41,JPL 109,2457200.5,57200,20150627,J2000,0.052689298,3.117957429,2.953674441,6.964381965,341.1961924,232.5664805,344.8206171,3.282240416,0.179018866,2457285.292,20150919.79,2010.961234,5.505711798,1.95492,760.7962164,3.203,3.97E-08,1.36E-08,0.000000123,0.0000045,0.000037607,0.000055193,0.000041122,1.43E-08,1.17E-09,0.00022979,0.000013173,MBA,Otto Matic,52348,1872-04-25,42238,1438,0,0,0,0.57,0,0,0,0,0
a0000121,2000121,   121 Hermione,121,Hermione,0,N,N,7.31,0,166240.00,8810.00,0,0,0,149247.79,0,0.0482,5.55128,0,0.739,0.425,0,Ch,C,0,5815.73,JPL 82,2457200.5,57200,20150627,J2000,0.133949211,3.449052724,2.987054833,7.596333903,73.13430648,298.349378,2.887480646,3.911050615,0.153870131,2457181.734,20150608.23,2339.635362,6.405572518,1.99778,777.4760426,3.108,2.47E-08,1.46E-08,8.66E-08,0.00000307,0.000022389,0.00002512,0.000012331,1.65E-08,9.77E-10,0.000080087,0.00001485,OMB,Otto Matic,52298,1872-06-07,42231,2033,0,0,0,0.53,0,0,0,0,0
a0000122,2000122,   122 Gerda,122,Gerda,0,N,N,7.87,0,92378.00,1177.00,0,0,0,78492.78,0,0.1883,10.685,0,0.776,0.41,0,L,ST,0,3010.19,JPL 20,2457200.5,57200,20150627,J2000,0.032754989,3.222956079,3.117388189,1.640012188,178.1498214,321.174787,95.92514532,3.328523969,0.170342295,2456637.368,20131210.87,2113.391749,5.786151265,2.13096,829.3057032,3.187,4.21E-08,1.64E-08,0.000000133,0.00000491,0.00015723,0.00017087,0.000068042,0.000000017,1.30E-09,0.00039798,0.000016159,OMB,Otto Matic,52258,1872-08-01,42246,1841,0,0,0,0.62,0,0,0,0,0
a0000125,2000125,   125 Liberatrix,125,Liberatrix,0,N,N,9.04,0.33,48420.00,530.00,0,0,0,54354.92,0,0.2253,3.968,0,0.705,0.239,0,X,M,0,2599.94,JPL 59,2457200.5,57200,20150627,J2000,0.078566014,2.745328097,2.529638611,4.660206439,169.0119445,108.7215685,221.9440699,2.961017584,0.216676939,2457837.651,20170325.15,1661.459691,4.548828723,1.51801,590.7639517,3.339,3.98E-08,1.01E-08,0.000000109,0.00000497,0.000055035,0.000061747,0.000029023,1.09E-08,1.19E-09,0.00013441,0.00000914,MBA,Otto Matic,52077,1872-10-01,42126,2200,0,0,0,0.51,0,0,0,0,0
a0000128,2000128,   128 Nemesis,128,Nemesis,0,N,N,7.49,0,188000.00,9002.00,0,0,0,192525.00,0,0.0504,77.81,0,0.685,0.392,0,C,C,0,6591.51,JPL 84,2457200.5,57200,20150627,J2000,0.12551122,2.752492306,2.407023639,6.242424055,76.32408237,303.7641604,129.3457542,3.097960972,0.215831537,2456601.21,20131104.71,1667.96755,4.56664627,1.41701,551.4577817,3.325,3.16E-08,7.85E-09,0.000000088,0.00000368,0.000035353,0.000037466,0.000012642,8.84E-09,9.23E-10,0.000058356,0.00000714,MBA,Otto Matic,52047,1872-11-26,42152,1529,0,0,0,0.6,0,0,0,0,0
a0000129,2000129,   129 Antigone,129,Antigone,0,N,N,7.07,0.33,129500.00,14772.00,0,0,0,134262.92,0,0.164,4.9572,0,0.717,0.245,0,X,M,0,6353.11,JPL 81,2457200.5,57200,20150627,J2000,0.211244415,2.869820976,2.263587322,12.26324557,135.7052256,111.0500204,16.31545616,3.47605463,0.202731795,2457120.022,20150407.52,1775.745142,4.861725235,1.28395,499.6748215,3.232,0.000000026,5.96E-09,7.51E-08,0.00000326,0.000015069,0.000016336,0.0000074,7.22E-09,6.31E-10,0.000036427,0.00000553,MBA,Otto Matic,41012,1251,42263,2207,0,0,0,0.58,0,0,0,0,0
a0000130,2000130,   130 Elektra,130,Elektra,0,N,N,7.12,0,198933.00,4108.00,0,0,0,203017.10,0,0.0755,5.225,0,0.753,0.483,0,Ch,G,0,8808.59,JPL 86,2457200.5,57200,20150627,J2000,0.208310155,3.12315661,2.472571373,22.86795817,145.4083868,235.7051763,58.11369809,3.773741847,0.178572028,2456875.064,20140805.56,2015.993235,5.519488665,1.53828,598.6524276,3.062,3.46E-08,1.27E-08,0.000000106,0.00000318,0.000011176,0.000014135,0.000010614,1.53E-08,1.09E-09,0.000058223,0.000012285,MBA,Otto Matic,44254,1893-12-02,42035,1698,0,0,0,0.52,0,0,0,0,0
a0000131,2000131,   131 Vala,131,Vala,0,N,N,10.03,0,31340.00,300.00,0,0,0,29707.10,0,0.1051,5.1812,0,0.829,0.402,0,Xc,SU,0,1059.77,JPL 49,2457200.5,57200,20150627,J2000,0.068173738,2.431375166,2.265619233,4.960429726,65.68861967,160.9133967,184.999966,2.597131099,0.259971721,2457873.65,20170430.15,1384.766,3.791282682,1.25613,488.8481121,3.499,4.05E-08,8.37E-09,9.84E-08,0.00000474,0.000047327,0.000056565,0.000032044,8.94E-09,1.34E-09,0.00012446,0.00000715,MBA,Otto Matic,51953,1873-05-30,42243,1512,0,0,0,0.51,0,0,0,0,0
a0000133,2000133,   133 Cyrene,133,Cyrene,0,N,N,7.98,0.13,80487.00,1879.00,0,0,0,72296.83,0,0.2563,12.708,0,0.907,0.51,0,S,SR,0,3016.99,JPL 55,2457200.5,57200,20150627,J2000,0.137651529,3.062942537,2.641323815,7.226795901,319.0985857,289.9858556,242.4324657,3.484561259,0.183863617,2457839.928,20170327.43,1957.973009,5.360637943,1.63843,637.6278031,3.207,4.07E-08,1.44E-08,0.000000125,0.00000497,0.000038291,0.000041532,0.000017962,1.63E-08,1.29E-09,0.000099575,0.000013772,MBA,Otto Matic,51710,1873-08-17,42079,1935,0,0,0,0.48,0,0,0,0,0
a0000134,2000134,   134 Sophrosyne,134,Sophrosyne,0,N,N,8.76,0.28,112200.00,10798.00,0,0,0,121715.19,0,0.0364,17.196,0,0.69,0.322,0,Ch,C,0,3340.48,JPL 93,2457200.5,57200,20150627,J2000,0.11714396,2.562626791,2.262430539,11.60193017,345.9886,84.79647648,133.6881613,2.862823042,0.240256989,2456644.062,20131217.56,1498.395534,4.102383393,1.31171,510.4781807,3.396,3.44E-08,6.85E-09,8.85E-08,0.00000421,0.000019117,0.000026031,0.00001726,7.65E-09,9.63E-10,0.000071648,0.00000601,MBA,Otto Matic,50392,1877-09-10,42246,1336,0,0,0,0.53,0,0,0,0,0
a0000135,2000135,   135 Hertha,135,Hertha,0,N,N,8.23,0,71040.00,2650.00,0,0,0,80573.07,0,0.1436,8.403,0,0.698,0.269,0,Xk,M,0,2056.64,JPL 85,2457200.5,57200,20150627,J2000,0.207784534,2.427973453,1.923478121,2.305831372,343.6567404,340.3091022,333.1497117,2.932468786,0.260518262,2457303.565,20151008.06,1381.860898,3.783328946,0.911408,354.6926514,3.478,2.69E-08,6.05E-09,6.61E-08,0.0000037,0.000096408,0.000096895,0.000010579,7.30E-09,9.73E-10,0.000040767,0.00000516,MBA,Otto Matic,47680,1885-01-18,42221,1701,0,0,0,0.49,0,0,0,0,0
a0000136,2000136,   136 Austria,136,Austria,0,N,N,9.69,0,36890.00,520.00,0,0,0,35827.81,0,0.1459,11.4969,0,0.752,0.247,0,Xe,M,0,1626.82,JPL 51,2457200.5,57200,20150627,J2000,0.084643082,2.287499772,2.093878741,9.573848355,186.4756634,132.4471534,178.3612664,2.481120804,0.284880344,2456574.408,20131008.91,1263.68845,3.459790418,1.09482,426.0710994,3.578,3.91E-08,6.58E-09,8.93E-08,0.00000559,0.000023946,0.000036368,0.000027501,7.14E-09,1.23E-09,0.000096135,0.00000545,MBA,Otto Matic,50469,1877-01-17,42087,1326,0,0,0,0.51,0,0,0,0,0
a0000137,2000137,   137 Meliboea,137,Meliboea,0,N,N,8.05,0,128680.00,530.00,0,0,0,133520.60,0,0.0503,25.676,0,0.689,0.326,0,0,C,0,3068.04,JPL 82,2457200.5,57200,20150627,J2000,0.216479561,3.119259165,2.444003311,13.41080361,202.3425498,107.0914057,149.5747779,3.794515018,0.178906815,2456364.451,20130312.95,2012.220719,5.50916008,1.47151,572.6675467,3.139,2.94E-08,1.29E-08,0.000000094,0.00000403,0.000012016,0.000014871,0.00000968,1.56E-08,1.11E-09,0.000051165,0.000012444,MBA,Otto Matic,47434,1885-04-18,42065,1446,0,0,0,0.57,0,0,0,0,0
a0000139,2000139,   139 Juewa,139,Juewa,0,N,N,7.78,0,151120.00,1600.00,0,0,0,164869.18,0,0.0557,20.991,0,0.693,0.287,0,X,CP,0,2169.97,JPL 80,2457200.5,57200,20150627,J2000,0.175895658,2.781958793,2.29262432,10.91070709,1.839398359,165.7302018,335.1564537,3.271293266,0.212411504,2457317.46,20151021.96,1694.823457,4.640173735,1.30089,506.2673613,3.284,0.000000033,9.08E-09,9.33E-08,0.00000415,0.000018169,0.000020828,0.000010518,1.07E-08,1.04E-09,0.000049726,0.0000083,MBA,Otto Matic,43838,1895-03-23,42095,1291,0,0,0,0.63,0,0,0,0,0
a0000141,2000141,   141 Lumen,141,Lumen,0,N,N,8.4,0,117920.00,1360.00,0,0,0,114009.71,0,0.054,19.87,0,0,0,0,Ch,CPF,0,1003.48,JPL 55,2457200.5,57200,20150627,J2000,0.214687178,2.664534104,2.092492796,11.896822,318.5063792,58.15998509,201.7653211,3.236575412,0.226606388,2457898.78,20170525.28,1588.657772,4.349507931,1.11949,435.6719233,3.321,4.12E-08,8.62E-09,0.000000109,0.00000536,0.000022733,0.000025471,0.000012353,1.05E-08,1.10E-09,0.00005607,0.00000771,MBA,Otto Matic,50404,1877-08-19,42236,1204,0,0,0,0.49,0,0,0,0,0
a0000142,2000142,   142 Polana,142,Polana,0,N,N,10.27,0,54810.00,280.00,0,0,0,61541.31,0,0.0451,9.764,0,0.621,0.236,0,B,F,0,1834.31,JPL 19,2457200.5,57200,20150627,J2000,0.134435505,2.418594795,2.093449783,2.23826575,291.2769611,291.9315527,36.19380473,2.743739807,0.26203506,2457062.374,20150208.87,1373.861957,3.76142904,1.08591,422.6035947,3.502,3.65E-08,8.47E-09,8.89E-08,0.00000391,0.00010814,0.00010913,0.000016845,9.61E-09,1.38E-09,0.000064131,0.00000722,MBA,Otto Matic,42820,1898-03-27,42177,1939,0,0,0,0.55,0,0,0,0,0
a0000143,2000143,   143 Adria,143,Adria,0,N,N,9.12,0,87340.00,2230.00,0,0,0,82735.80,0,0.0491,22.005,0,0.738,0.336,0,Xc,C,0,1740.82,JPL 26,2457200.5,57200,20150627,J2000,0.073919146,2.761254891,2.557145286,11.44869886,333.0724663,253.3335786,139.3218543,2.965364495,0.214804971,2456551.903,20130916.4,1675.938871,4.588470558,1.57815,614.1686355,3.308,3.35E-08,1.28E-08,9.18E-08,0.00000406,0.00001825,0.000032435,0.000027721,1.37E-08,1.49E-09,0.00012876,0.000011608,MBA,Otto Matic,49472,1880-04-13,42272,1396,0,0,0,0.54,0,0,0,0,0
a0000145,2000145,   145 Adeona,145,Adeona,0,N,N,8.13,0,124470.00,510.00,0,0,0,130231.97,0,0.0433,15.071,0,0.701,0.352,0,Ch,C,0,1258.20,JPL 75,2457200.5,57200,20150627,J2000,0.144693843,2.673009474,2.286241461,12.63546993,77.43155984,43.97544794,143.5650809,3.059777486,0.225529484,2456563.931,20130928.43,1596.243618,4.370276846,1.32041,513.8639597,3.331,3.83E-08,1.04E-08,0.000000102,0.00000462,0.00001922,0.000023773,0.000014295,1.19E-08,1.31E-09,0.000062197,0.00000929,MBA,Otto Matic,47339,1885-09-10,42115,1123,0,0,0,0.6,0,0,0,0,0
a0000146,2000146,   146 Lucina,146,Lucina,0,N,N,8.2,0.11,124130.00,2510.00,0,0,0,138309.66,0,0.0531,18.557,0,0.703,0.405,0,Ch,C,0,5706.20,JPL 74,2457200.5,57200,20150627,J2000,0.066476168,2.718691289,2.537963109,13.09315846,83.97884235,146.991286,110.1299044,2.899419469,0.219869116,2456699.612,20140211.11,1637.337733,4.482786401,1.53399,596.9828883,3.319,2.64E-08,9.42E-09,0.000000074,0.00000289,0.000016454,0.000034815,0.000030406,1.01E-08,1.14E-09,0.00013853,0.00000851,MBA,Otto Matic,47473,1885-10-02,42271,1334,0,0,0,0.57,0,0,0,0,0
a0000150,2000150,   150 Nuwa,150,Nuwa,0,N,N,8.23,0,131980.00,2730.00,0,0,0,140928.44,0,0.0395,8.1347,0,0.706,0.275,0,Cb,CX,0,3225.15,JPL 61,2457200.5,57200,20150627,J2000,0.126210451,2.981743935,2.605416689,2.193538277,206.2435487,151.5868403,61.6822641,3.35807118,0.191424957,2456878.273,20140808.77,1880.632529,5.148891249,1.6018,623.372506,3.246,3.46E-08,0.000000011,0.000000103,0.000004673,0.000095922,0.000096882,0.000016417,1.24E-08,1.06E-09,0.000085257,0.000010427,MBA,Otto Matic,42488,1899-05-07,42251,1773,0,0,0,0.57,0,0,0,0,0
a0000152,2000152,   152 Atala,152,Atala,0,N,N,8.33,0,58960.00,510.00,0,0,0,62961.62,0,0,6.246,0,0.882,0.452,0,S,I,0,1691.14,JPL 17,2457200.5,57200,20150627,J2000,0.076722747,3.138986408,2.898154749,12.11366982,39.97268004,59.43089849,342.0862607,3.379818066,0.177222934,2457301.58,20151006.08,2031.339809,5.561505294,1.93728,753.9312576,3.172,4.38E-08,1.98E-08,0.000000138,0.0000067,0.00002271,0.000045749,0.000039288,2.13E-08,1.67E-09,0.00022168,0.000019187,MBA,Otto Matic,47529,1885-08-08,42272,1309,0,0,0,0.53,0,0,0,0,0
a0000153,2000153,   153 Hilda,153,Hilda,0,N,N,7.48,0,218840.00,7000.00,0,0,0,160635.93,0,0.0618,5.9587,0,0.669,0.243,0,X,P,0,8676.42,JPL 20,2457200.5,57200,20150627,J2000,0.139327503,3.976560128,3.422515937,7.825437575,228.1752124,38.56796168,2.037389535,4.53060432,0.124291876,2457184.108,20150610.61,2896.408127,7.92993327,2.41161,938.5262637,3.024,4.38E-08,3.21E-08,0.000000182,0.00000519,0.000035121,0.000038961,0.000020001,3.66E-08,1.51E-09,0.00016084,0.000035118,OMB,Otto Matic,43997,1895-03-30,42261,1620,0,0,0,0.57,0,0,0,0,0
a0000154,2000154,   154 Bertha,154,Bertha,0,N,N,7.58,0,188755.00,4758.00,0,0,0,174725.52,0,0.048,25.224,0,0,0,0,C,0,0,4337.96,JPL 21,2457200.5,57200,20150627,J2000,0.077233555,3.195866969,2.949038803,20.97323127,36.75523886,159.461074,56.31645915,3.442695135,0.172512685,2456874.052,20140804.55,2086.803068,5.713355423,1.95141,759.4302297,3.087,4.83E-08,1.95E-08,0.000000151,0.00000583,0.000013914,0.000037039,0.000034639,0.000000021,1.58E-09,0.00020021,0.000019101,MBA,Otto Matic,47522,1885-07-17,42243,1273,0,0,0,0.56,0,0,0,0,0
a0000156,2000156,   156 Xanthippe,156,Xanthippe,0,N,N,8.64,0,123650.00,3090.00,0,0,0,111609.83,0,0.0422,22.37,0,0.713,0.315,0,Ch,C,0,1667.51,JPL 144,2457200.5,57200,20150627,J2000,0.227081934,2.727372597,2.108035553,9.777231075,241.8451917,338.4163449,175.2578326,3.34670964,0.218820177,2456399.578,20130417.08,1645.186495,4.50427514,1.10286,429.2000262,3.297,4.27E-08,9.76E-09,0.000000117,0.00000513,0.000024228,0.000025454,0.00000825,0.000000012,1.17E-09,0.000037022,0.00000883,MBA,Otto Matic,41630,628,42258,1717,0,0,0,0.54,0,0,0,0,0
a0000157,2000157,   157 Dejanira,157,Dejanira,0,N,N,11.2,0,18262.00,3211.00,0,0,0,21165.32,0,0,15.825,0,0,0,0,0,0,0,9114.85,JPL 18,2457200.5,57200,20150627,J2000,0.195219339,2.58195425,2.077906847,12.15869695,62.08167826,46.23002877,217.1638628,3.086001652,0.237564345,2457801.752,20170217.25,1515.378917,4.148881361,1.1144,433.691048,3.366,5.36E-08,0.000000012,0.000000137,0.00000543,0.000031868,0.000035106,0.000016239,1.43E-08,1.66E-09,0.000069804,0.000010566,MBA,Otto Matic,40489,1779,42268,940,0,0,0,0.53,0,0,0,0,0
a0000158,2000158,   158 Koronis,158,Koronis,0,N,N,9.27,0,39020.00,460.00,0,0,0,40367.45,0,0.2766,14.218,0,0.859,0.394,0,S,S,0,6832.93,JPL 12,2457200.5,57200,20150627,J2000,0.052448453,2.869542469,2.719039405,1.00134121,277.9860882,142.2761608,294.3046748,3.020045534,0.20276131,2457524.503,20160516,1775.486653,4.86101753,1.73195,674.0229815,3.296,4.05E-08,1.29E-08,0.000000117,0.00000448,0.00028093,0.00028482,0.000044362,1.36E-08,1.37E-09,0.00021916,0.000011961,MBA,Otto Matic,44601,1893-08-12,42270,1511,0,0,0,0.58,0,0,0,0,0
a0000159,2000159,   159 Aemilia,159,Aemilia,0,N,N,8.12,0,125240.00,1190.00,0,0,0,132367.65,0,0.0639,24.476,0,0.7,0.38,0,Ch,C,0,6195.51,JPL 81,2457200.5,57200,20150627,J2000,0.108111028,3.102322403,2.766927137,6.131146253,134.1314808,333.3554179,141.9436753,3.437717668,0.180373894,2456413.559,20130501.06,1995.854237,5.464351095,1.78593,695.0303781,3.204,3.57E-08,1.44E-08,0.000000111,0.00000348,0.000041405,0.000044771,0.000017626,1.59E-08,1.25E-09,0.000096409,0.000013877,MBA,Otto Matic,40798,1472,42270,1718,0,0,0,0.56,0,0,0,0,0
a0000162,2000162,   162 Laurentia,162,Laurentia,0,N,N,8.83,0,97020.00,490.00,0,0,0,99814.65,0,0.0529,11.8686,0,0.747,0.374,0,Ch,STU,0,3181.36,JPL 25,2457200.5,57200,20150627,J2000,0.178815785,3.018781232,2.478975497,6.096830945,35.53942947,116.1568447,224.9617445,3.558586966,0.187912907,2457919.122,20170614.62,1915.781119,5.245122844,1.49736,582.7275912,3.214,3.52E-08,1.36E-08,0.000000108,0.00000448,0.00004073,0.000042364,0.000012683,0.000000016,1.27E-09,0.000069232,0.000012915,MBA,Otto Matic,41443,828,42271,1464,0,0,0,0.51,0,0,0,0,0
a0000163,2000163,   163 Erigone,163,Erigone,0,N,N,9.47,-0.04,81579.00,3062.00,0,0,0,73249.61,0,0.0546,16.136,0,0.717,0.341,0,Ch,C,0,2020.33,JPL 102,2457200.5,57200,20150627,J2000,0.190868346,2.36714415,1.915331261,4.814629759,160.1682836,298.2599066,171.8075136,2.818957038,0.27062444,2456565.644,20130930.14,1330.256793,3.642044607,0.938248,365.1379742,3.518,3.23E-08,5.61E-09,0.000000076,0.000004144,0.000033546,0.000034784,0.0000092,6.68E-09,9.63E-10,0.000033776,0.00000473,MBA,Otto Matic,44925,1892-09-13,42261,1737,0,0,0,0.53,0,0,0,0,0
a0000164,2000164,   164 Eva,164,Eva,0,N,N,8.89,0,108959.00,2970.00,0,0,0,113341.77,0,0.0447,13.66,0,0.684,0.326,0,X,CX,0,1368.87,JPL 60,2457200.5,57200,20150627,J2000,0.344874252,2.635400473,1.726518705,24.44593906,77.02158088,283.7546105,127.4563702,3.54428224,0.230374362,2456647.242,20131220.74,1562.673891,4.278367944,0.887188,345.266954,3.191,3.96E-08,1.19E-08,0.000000107,0.000004863,0.000011812,0.000013049,0.00000801,0.000000016,1.56E-09,0.000033459,0.000010556,MBA,Otto Matic,43131,1897-05-07,42164,1210,0,0,0,0.52,0,0,0,0,0
a0000167,2000167,   167 Urda,167,Urda,0,N,N,9.1,0,37480.00,540.00,0,0,0,43942.04,0,0.223,13.07,0,0.837,0.4,0,Sk,S,0,1681.55,JPL 17,2457200.5,57200,20150627,J2000,0.036338285,2.853030142,2.749355921,2.212244861,166.2236844,133.1754708,315.6793998,2.956704364,0.204524121,2457417.201,20160129.7,1760.183586,4.819120017,1.73411,674.8635887,3.303,4.05E-08,1.34E-08,0.000000118,0.00000449,0.00011387,0.00012765,0.000058076,1.39E-08,1.44E-09,0.00028422,0.000012429,MBA,Otto Matic,48012,1884-04-01,42261,1860,0,0,0,0.55,0,0,0,0,0
a0000168,2000168,   168 Sibylla,168,Sibylla,0,N,N,7.94,0,145370.00,3220.00,0,0,0,138280.62,0,0.0535,47.009,0,0.745,0.384,0,Ch,C,0,3618.35,JPL 19,2457200.5,57200,20150627,J2000,0.06914456,3.38146442,3.14765455,4.635447925,206.2573522,171.7322182,110.3519116,3.61527429,0.158506414,2456504.302,20130730.8,2271.201467,6.218210725,2.14967,836.5870739,3.142,4.35E-08,1.63E-08,0.000000151,0.00000504,0.000057261,0.000066004,0.000032606,1.74E-08,1.15E-09,0.00020552,0.000016435,OMB,Otto Matic,49331,1880-04-13,42131,1664,0,0,0,0.59,0,0,0,0,0
a0000169,2000169,   169 Zelia,169,Zelia,0,N,N,9.56,0,38552.00,737.00,0,0,0,34119.03,0,0.2347,14.537,0,0.848,0.458,0,Sl,S,0,570.80,JPL 11,2457200.5,57200,20150627,J2000,0.130744802,2.358442341,2.050088264,5.500480509,354.776976,334.4954821,141.2991614,2.666796418,0.272123582,2456681.254,20140123.75,1322.928344,3.621980408,1.04077,405.0364609,3.535,3.51E-08,7.56E-09,8.21E-08,0.00000465,0.000047492,0.000051081,0.000019572,8.55E-09,1.31E-09,0.000071183,0.00000636,MBA,Otto Matic,47546,1885-01-09,42078,1482,0,0,0,0.57,0,0,0,0,0
a0000171,2000171,   171 Ophelia,171,Ophelia,0,N,N,8.31,0,105010.00,3540.00,0,0,0,94455.73,0,0.0615,6.66535,0,0.695,0.341,0,C,C,0,2671.03,JPL 87,2457200.5,57200,20150627,J2000,0.131663733,3.129331727,2.717312231,2.546818775,100.5390267,57.06544476,299.7792967,3.541351223,0.178043724,2457538.735,20160530.24,2021.975233,5.535866484,1.72828,672.5947276,3.199,3.75E-08,1.34E-08,0.000000119,0.00000381,0.00010438,0.00010544,0.000016878,1.52E-08,1.15E-09,0.000095267,0.000013023,MBA,Otto Matic,44407,1894-02-23,42271,1662,0,0,0,0.56,0,0,0,0,0
a0000172,2000172,   172 Baucis,172,Baucis,0,N,N,8.79,0,66919.00,1578.00,0,0,0,63212.03,0,0.1382,27.417,0,0.89,0.499,0,L,S,0,2781.99,JPL 52,2457200.5,57200,20150627,J2000,0.114942751,2.379218153,2.105744273,10.02880331,331.9800727,359.1516307,68.11566599,2.652692034,0.268567018,2456946.874,20141016.37,1340.447547,3.669945371,1.09494,426.1177998,3.51,4.45E-08,6.34E-09,0.000000106,0.00000551,0.000025769,0.00003221,0.000019416,7.07E-09,1.07E-09,0.000072117,0.00000536,MBA,Otto Matic,48597,1882-09-01,42268,1157,0,0,0,0.57,0,0,0,0,0
a0000175,2000175,   175 Andromache,175,Andromache,0,N,N,8.31,0,111890.00,2890.00,0,0,0,116167.98,0,0.0819,8.324,0,0.706,0.332,0,Cg,C,0,2533.96,JPL 29,2457200.5,57200,20150627,J2000,0.232663062,3.185377196,2.444257583,3.21834318,21.35575789,320.4634523,326.3184589,3.92649681,0.173365539,2457394.78,20160107.28,2076.537254,5.685249155,1.43727,559.3423659,3.153,3.85E-08,1.07E-08,0.000000126,0.00000514,0.000080013,0.000080588,0.000010449,1.31E-08,8.70E-10,0.000060684,0.000010422,MBA,Otto Matic,50385,1877-10-06,42265,1938,0,0,0,0.55,0,0,0,0,0
a0000176,2000176,   176 Iduna,176,Iduna,0,N,N,8.2,0,106980.00,1080.00,0,0,0,113286.45,0,0.0834,11.2877,0,0,0,0,Ch,G,0,5781.30,JPL 28,2457200.5,57200,20150627,J2000,0.166288926,3.189963639,2.659508011,22.5923503,200.6012038,187.8669738,96.31913184,3.720419267,0.172991783,2456643.716,20131217.22,2081.023698,5.697532371,1.66524,648.0614508,3.057,3.23E-08,1.33E-08,0.000000103,0.00000373,0.000011467,0.000017134,0.000012277,1.55E-08,1.08E-09,0.000070474,0.000012992,MBA,Otto Matic,50237,1877-10-15,42126,1563,0,0,0,0.57,0,0,0,0,0
a0000177,2000177,   177 Irma,177,Irma,0,N,N,9.49,0,72314.00,2478.00,0,0,0,68766.38,0,0.0527,13.856,0,0.73,0.35,0,Ch,C,0,3320.49,JPL 63,2457200.5,57200,20150627,J2000,0.237706821,2.76925981,2.110987866,1.389445361,347.5507132,38.20081708,316.5159245,3.427531755,0.21387426,2457403.816,20160116.32,1683.232009,4.60843808,1.1156,434.158052,3.296,3.42E-08,9.12E-09,9.43E-08,0.00000449,0.00018313,0.00018339,0.00000952,1.13E-08,1.06E-09,0.000044937,0.00000831,MBA,Otto Matic,41965,297,42262,1606,0,0,0,0.57,0,0,0,0,0
a0000180,2000180,   180 Garumna,180,Garumna,0,N,N,10.31,0,23440.00,410.00,0,0,0,21697.04,0,0,23.866,0,0.829,0.451,0,Sq,S,0,3109.65,JPL 11,2457200.5,57200,20150627,J2000,0.165015577,2.7237146,2.274259264,0.866157275,312.2001899,175.7601077,214.3117615,3.173169936,0.219261144,2457864.951,20170421.45,1641.877778,4.495216368,1.28994,502.0059498,3.337,4.34E-08,1.15E-08,0.000000117,0.00000531,0.0003368,0.00033715,0.000016432,1.34E-08,1.39E-09,0.000076309,0.000010384,MBA,Otto Matic,35214,7051,42265,1646,0,0,0,0.54,0,0,0,0,0
a0000181,2000181,   181 Eucharis,181,Eucharis,0,N,N,7.84,0,115380.00,1460.00,0,0,0,131755.28,0,0.1135,52.23,0,0.815,0.379,0,Xk,S,0,6189.72,JPL 45,2457200.5,57200,20150627,J2000,0.203170891,3.128411398,2.492809267,18.89167274,143.2235901,318.8686725,321.1405551,3.764013529,0.178122296,2457418.662,20160131.16,2021.083312,5.533424537,1.53901,598.9365217,3.1,3.46E-08,1.57E-08,0.000000108,0.00000494,0.000012335,0.000016092,0.000011173,1.89E-08,1.34E-09,0.000063314,0.000015217,MBA,Otto Matic,44927,1892-08-27,42246,1357,0,0,0,0.53,0,0,0,0,0
a0000182,2000182,   182 Elsa,182,Elsa,0,N,N,9.12,0,39520.00,390.00,0,0,0,45976.28,0,0.2083,80.088,0,0.862,0.425,0,S,S,0,1772.66,JPL 85,2457200.5,57200,20150627,J2000,0.185613374,2.416588507,1.96803736,2.004496868,107.2409084,310.2095424,275.5006689,2.865139653,0.262361446,2457522.572,20160514.07,1372.152829,3.756749703,0.981305,381.8944669,3.492,3.88E-08,6.78E-09,9.34E-08,0.00000449,0.00013435,0.00013487,0.00001182,8.03E-09,1.10E-09,0.000045391,0.00000577,MBA,Otto Matic,40787,1475,42262,1582,0,0,0,0.62,0,0,0,0,0
a0000183,2000183,   183 Istria,183,Istria,0,N,N,9.68,0,30713.00,392.00,0,0,0,35032.10,0,0.189,11.77,0,0.842,0.359,0,S,S,0,1250.84,JPL 21,2457200.5,57200,20150627,J2000,0.351151801,2.790360239,1.810520216,26.39257041,141.9530412,264.1944152,210.1476834,3.770200261,0.211452908,2457909.179,20170604.68,1702.506737,4.661209409,1.00837,392.4273529,3.093,3.84E-08,1.24E-08,0.000000107,0.00000531,0.000011888,0.000013436,0.000007594,1.67E-08,1.40E-09,0.000037987,0.000011303,MBA,Otto Matic,39991,2245,42236,1340,0,0,0,0.5,0,0,0,0,0
a0000184,2000184,   184 Dejopeja,184,Dejopeja,0,N,N,8.31,0,62480.00,320.00,0,0,0,76867.85,0,0.1897,6.455,0,0.699,0.227,0,X,X,0,3945.70,JPL 62,2457200.5,57200,20150627,J2000,0.066915429,3.186189751,2.972984496,1.143843573,331.6102894,209.4228756,50.17606973,3.399395006,0.173299225,2456910.966,20140910.47,2077.331857,5.68742466,1.9761,769.038837,3.194,3.91E-08,1.79E-08,0.000000122,0.00000447,0.00023273,0.00023483,0.000034222,1.91E-08,1.46E-09,0.0001972,0.000017469,MBA,Otto Matic,44919,1892-09-30,42272,1780,0,0,0,0.57,0,0,0,0,0
a0000187,2000187,   187 Lamberta,187,Lamberta,0,N,N,8.16,0,133014.00,2497.00,0,0,0,135629.54,0,0.0566,10.67,0,0.709,0.348,0,Ch,C,0,4603.29,JPL 68,2457200.5,57200,20150627,J2000,0.240904847,2.728333482,2.071064721,10.58699016,21.70534762,196.9153783,129.9482399,3.385602243,0.218704589,2456606.328,20131109.83,1646.055999,4.506655713,1.06681,415.1704477,3.289,0.000000033,1.16E-08,9.07E-08,0.00000344,0.000018678,0.000020254,0.000010521,1.44E-08,1.39E-09,0.00004651,0.000010472,MBA,Otto Matic,41271,1000,42271,1406,0,0,0,0.55,0,0,0,0,0
a0000188,2000188,   188 Menippe,188,Menippe,0,N,N,9.22,0,44628.00,588.00,0,0,0,38483.15,0,0.2431,11.98,0,0.891,0.386,0,S,S,0,1731.33,JPL 45,2457200.5,57200,20150627,J2000,0.178140944,2.761861167,2.269860613,11.70204693,240.9117291,70.11456129,260.8175976,3.253861721,0.214734244,2457662.384,20160930.88,1676.490869,4.589981846,1.28692,500.8306564,3.288,3.97E-08,1.34E-08,0.00000011,0.00000511,0.000023896,0.000026993,0.000014458,1.58E-08,1.56E-09,0.000068584,0.000012198,MBA,Otto Matic,36522,5644,42166,1201,0,0,0,0.55,0,0,0,0,0
a0000189,2000189,   189 Phthia,189,Phthia,0,N,N,9.33,0,38490.00,320.00,0,0,0,39900.16,0,0.231,22.346,0,0.904,0.491,0,Sa,S,0,577.18,JPL 58,2457200.5,57200,20150627,J2000,0.037097545,2.450074227,2.359182487,5.177364238,203.4293971,168.4016675,233.8232002,2.540965966,0.257001236,2457691.458,20161029.96,1400.771476,3.835103288,1.35911,528.9248387,3.49,4.24E-08,7.64E-09,0.000000105,0.00000508,0.000047108,0.000073452,0.000057244,7.92E-09,1.20E-09,0.00022315,0.00000655,MBA,Otto Matic,49511,1880-02-08,42246,1525,0,0,0,0.6,0,0,0,0,0
a0000190,2000190,   190 Ismene,190,Ismene,0,N,N,7.59,0,214660.00,7300.00,0,0,0,192469.54,0,0.066,6.52,0,0.683,0.269,0,X,P,0,12175.25,JPL 85,2457200.5,57200,20150627,J2000,0.165953104,3.989548364,3.327470429,6.176129252,175.4703253,271.7714648,85.06558507,4.651626298,0.12368541,2456512.742,20130808.24,2910.610074,7.968816082,2.35248,915.5146416,3.021,4.02E-08,3.08E-08,0.000000163,0.0000055,0.000045731,0.00004813,0.000014998,3.59E-08,1.43E-09,0.0001195,0.000033669,OMB,Otto Matic,44097,1894-11-06,42217,1501,0,0,0,0.63,0,0,0,0,0
a0000191,2000191,   191 Kolga,191,Kolga,0,N,N,9.07,0,97325.00,3346.00,0,0,0,98281.60,0,0.0408,17.604,0,0.675,0.258,0,Cb,XC,0,6403.40,JPL 82,2457200.5,57200,20150627,J2000,0.091176762,2.894365087,2.63046625,11.50746227,159.3124608,227.1775852,246.0677121,3.158263924,0.200158532,2457769.71,20170116.21,1798.574341,4.924228175,1.64717,641.0291489,3.253,3.66E-08,1.33E-08,0.000000106,0.00000481,0.000021649,0.000032836,0.000025303,1.46E-08,1.38E-09,0.00012774,0.000012433,MBA,Otto Matic,47717,1885-01-09,42249,1621,0,0,0,0.56,0,0,0,0,0
a0000192,2000192,   192 Nausikaa,192,Nausikaa,0,N,N,7.13,0.03,87120.00,4160.00,0,0,0,88847.93,0,0.233,13.625,0,0.927,0.487,0,Sl,S,0,3574.72,JPL 86,2457200.5,57200,20150627,J2000,0.246012901,2.402898492,1.811754462,6.813877615,343.2486949,30.04508221,348.4970888,2.994042522,0.264606761,2457243.972,20150809.47,1360.509455,3.724871881,0.815507,317.3708592,3.473,2.37E-08,3.06E-09,5.71E-08,0.00000338,0.000026193,0.000027185,0.00000689,3.82E-09,5.06E-10,0.000026082,0.0000026,MBA,Otto Matic,49856,1879-03-27,42273,1808,1,0,0,0.59,0,0,0,0,0
a0000194,2000194,   194 Prokne,194,Prokne,0,N,N,7.68,0,169000.00,14457.00,0,0,0,170285.73,0,0.0528,15.679,0,0.724,0.341,0,C,C,0,2267.36,JPL 111,2457200.5,57200,20150627,J2000,0.237976841,2.615439517,1.993025483,18.5092255,159.3168887,163.2728346,309.0627833,3.23785355,0.233016702,2457419.099,20160131.6,1544.953629,4.229852508,0.98752,384.3131584,3.295,2.49E-08,5.68E-09,6.53E-08,0.00000332,0.0000097,0.000011236,0.00000646,7.03E-09,7.59E-10,0.000027988,0.00000503,MBA,Otto Matic,49861,1879-03-22,42273,1663,0,0,0,0.61,0,0,0,0,0
a0000197,2000197,   197 Arete,197,Arete,0,N,N,9.18,0,39864.00,417.00,0,0,0,35588.33,0,0.4417,6.6084,0,0.908,0.496,0,S,S,0,1438.06,JPL 19,2457200.5,57200,20150627,J2000,0.163844619,2.738322734,2.289663289,8.794569093,81.61221219,246.5211518,293.3213144,3.18698218,0.217508947,2457507.056,20160428.56,1655.104331,4.531428694,1.2949,503.936233,3.315,3.93E-08,8.66E-09,0.000000109,0.00000474,0.000028263,0.000031332,0.000013677,1.01E-08,1.03E-09,0.000063456,0.00000785,MBA,Otto Matic,49792,1879-05-29,42272,1903,0,0,0,0.53,0,0,0,0,0
a0000198,2000198,   198 Ampella,198,Ampella,0,N,N,8.33,0,57000.00,7000.00,0,0,0,70230.78,0,0.2517,10.379,0,0.885,0.421,0,S,S,0,1700.74,JPL 51,2457200.5,57200,20150627,J2000,0.228175265,2.458358702,1.897422054,9.313547201,268.4605229,88.51191739,28.8749398,3.01929535,0.25570322,2457087.576,20150306.08,1407.882155,3.854571267,0.920854,358.3687512,3.437,4.12E-08,6.40E-09,0.0000001,0.00000484,0.000029756,0.000031626,0.000011733,7.87E-09,9.99E-10,0.00004563,0.0000055,MBA,Otto Matic,47740,1885-01-09,42272,1186,0,0,0,0.55,0,0,0,0,0
a0000200,2000200,   200 Dynamene,200,Dynamene,0,N,N,8.26,0,130516.00,2884.00,0,0,0,123215.83,0,0.0533,37.394,0,0.727,0.375,0,Ch,C,0,3410.01,JPL 72,2457200.5,57200,20150627,J2000,0.133442104,2.738027582,2.372659421,6.89605975,324.5775132,85.09216245,283.4833605,3.103395742,0.217544118,2457552.229,20160612.73,1654.836742,4.530696078,1.39536,543.0322512,3.328,3.94E-08,9.56E-09,0.000000107,0.00000401,0.000037957,0.000041213,0.000015229,1.08E-08,1.14E-09,0.000070794,0.00000867,MBA,Otto Matic,49727,1879-07-28,42267,1390,0,0,0,0.58,0,0,0,0,0
a0000201,2000201,   201 Penelope,201,Penelope,0,N,N,8.43,0.24,85880.00,3140.00,0,0,0,74996.70,0,0.1604,3.7474,0,0.72,0.233,0,X,M,0,2738.83,JPL 75,2457200.5,57200,20150627,J2000,0.181227577,2.678061912,2.192723241,5.758104975,157.0265177,180.9341678,349.2818779,3.163400584,0.224891559,2457248.159,20150813.66,1600.77151,4.382673539,1.18352,460.5904784,3.347,2.97E-08,7.69E-09,7.76E-08,0.00000297,0.000038803,0.000040616,0.000012779,9.08E-09,9.69E-10,0.000056932,0.00000689,MBA,Otto Matic,49710,1879-08-13,42266,1628,0,0,0,0.58,0,0,0,0,0
a0000203,2000203,   203 Pompeja,203,Pompeja,0,N,N,8.76,0,110751.00,1621.00,0,0,0,114826.35,0,0.041,24.052,0,0.702,0.293,0,0,DCX,0,4207.86,JPL 86,2457200.5,57200,20150627,J2000,0.058786729,2.737556111,2.576624142,3.178022622,347.9191572,57.05484885,320.5775325,2.89848808,0.21760032,2457381.669,20151225.17,1654.409332,4.529525893,1.58727,617.7178659,3.347,3.86E-08,9.49E-09,0.000000105,0.00000495,0.000078894,0.000089026,0.000039457,0.00000001,1.13E-09,0.00018154,0.0000086,MBA,Otto Matic,49663,1879-09-26,42263,1467,0,0,0,0.57,0,0,0,0,0
a0000204,2000204,   204 Kallisto,204,Kallisto,0,N,N,8.89,0,54882.00,1741.00,0,0,0,55861.31,0,0.2082,19.489,0,0.813,0.415,0,0,S,0,2215.40,JPL 16,2457200.5,57200,20150627,J2000,0.174927087,2.669908569,2.202869241,8.286427333,205.1215317,55.47987612,140.0992498,3.136947896,0.225922503,2456580.379,20131014.88,1593.466768,4.362674245,1.20047,467.1869099,3.345,3.84E-08,1.05E-08,0.000000103,0.00000501,0.000029355,0.000031932,0.000013683,1.23E-08,1.33E-09,0.000059761,0.00000941,MBA,Otto Matic,49656,1879-10-08,42268,1643,0,0,0,0.57,0,0,0,0,0
a0000205,2000205,   205 Martha,205,Martha,0,N,N,9.23,0,76980.00,600.00,0,0,0,78723.98,0,0.0553,14.911,0,0.688,0.35,0,Ch,C,0,734.63,JPL 17,2457200.5,57200,20150627,J2000,0.034440388,2.779366538,2.683644075,10.68290862,211.8456056,177.0406181,113.486238,2.875089001,0.212708741,2456666.971,20140109.47,1692.45513,4.633689611,1.68875,657.2108375,3.308,0.000000042,1.42E-08,0.000000117,0.00000502,0.000026158,0.000072372,0.00006751,1.46E-08,1.62E-09,0.00031791,0.000012925,MBA,Otto Matic,49506,1879-10-13,42123,1483,0,0,0,0.53,0,0,0,0,0
a0000208,2000208,   208 Lacrimosa,208,Lacrimosa,0,N,N,8.96,0,40060.00,590.00,0,0,0,44332.95,0,0.2696,14.085,0,0.841,0.407,0,Sk,S,0,625.92,JPL 20,2457200.5,57200,20150627,J2000,0.013340931,2.892298577,2.853712623,1.745810507,4.263285214,108.0637937,129.9458108,2.930884532,0.200373086,2456551.981,20130916.48,1796.648474,4.918955438,1.87125,728.2343625,3.289,3.99E-08,1.19E-08,0.000000115,0.000004437,0.00014606,0.00021785,0.00016068,0.000000012,1.23E-09,0.00080194,0.00001106,MBA,Otto Matic,41848,419,42267,1843,0,0,0,0.57,0,0,0,0,0
a0000209,2000209,   209 Dido,209,Dido,0,N,N,8.24,0,118380.00,1300.00,0,0,0,111646.71,0,0.0349,5.7366,0,0.691,0.294,0,Xc,C,0,4816.40,JPL 80,2457200.5,57200,20150627,J2000,0.059295501,3.148493902,2.961802379,7.170491986,0.702534275,248.9604431,240.7784439,3.335185425,0.176420801,2457876.279,20170502.78,2040.575705,5.586791799,1.95832,762.1193944,3.194,4.12E-08,1.47E-08,0.000000131,0.00000547,0.000036619,0.000054849,0.000041674,1.55E-08,1.23E-09,0.00023706,0.000014266,MBA,Otto Matic,49471,1879-10-26,42101,1585,0,0,0,0.57,0,0,0,0,0
a0000211,2000211,   211 Isolda,211,Isolda,0,N,N,7.89,0.12,143000.00,21629.00,0,0,0,146707.68,0,0.0602,18.365,0,0.711,0.364,0,Ch,C,0,12354.92,JPL 81,2457200.5,57200,20150627,J2000,0.161606388,3.041147677,2.549678786,3.886712826,263.6530204,173.562931,185.781565,3.532616567,0.185843685,2458137.946,20180119.45,1937.111822,5.303523126,1.56566,609.3079022,3.216,3.36E-08,1.17E-08,0.000000104,0.00000409,0.000074678,0.000076117,0.000015047,1.36E-08,1.07E-09,0.000083379,0.000011185,MBA,Otto Matic,49533,1880-02-01,42261,1514,0,0,0,0.56,0,0,0,0,0
a0000214,2000214,   214 Aschera,214,Aschera,0,N,N,9.2,0.51,24960.00,150.00,0,0,0,28207.37,0,0.522,6.835,0,0.7,0.217,0,Xc,E,0,1426.38,JPL 20,2457200.5,57200,20150627,J2000,0.03192718,2.611166976,2.527799779,3.436521759,342.0003222,131.9685816,73.20091085,2.694534174,0.233588849,2456887.125,20140817.62,1541.169458,4.219492013,1.54617,601.7229789,3.406,3.73E-08,8.51E-09,9.87E-08,0.00000452,0.000073307,0.00010061,0.000067107,8.78E-09,1.14E-09,0.00028717,0.00000753,MBA,Otto Matic,49457,1880-03-04,42217,1709,0,0,0,0.57,0,0,0,0,0
a0000215,2000215,   215 Oenone,215,Oenone,0,N,N,9.4,0,42899.00,108.00,0,0,0,37492.64,0,0.2044,27.937,0,0.845,0.451,0,0,S,0,1847.38,JPL 12,2457200.5,57200,20150627,J2000,0.036385267,2.766778388,2.666108417,1.685859983,25.0048903,316.3563276,4.830199384,2.86744836,0.214162048,2457177.946,20150604.45,1680.970101,4.602245315,1.65741,645.0142497,3.337,3.86E-08,1.24E-08,0.000000108,0.00000448,0.00013685,0.00014687,0.000054789,1.29E-08,1.45E-09,0.00025579,0.000011345,MBA,Otto Matic,40136,2135,42271,1705,0,0,0,0.57,0,0,0,0,0
a0000216,2000216,   216 Kleopatra,216,Kleopatra,0,N,N,7.3,0.29,119190.00,3400.00,0,0,0,82271.83,217x94x81,0.1164,5.385,0,0.713,0.238,0,Xe,M,0,5466.51,JPL 98,2457200.5,57200,20150627,J2000,0.250023936,2.794780459,2.096018449,13.10665304,215.3663495,180.2264402,134.9952831,3.493542468,0.210951456,2456560.565,20130925.06,1706.553759,4.672289553,1.10329,429.3673693,3.244,1.86E-08,4.78E-09,5.09E-08,0.0000025,0.000012114,0.000012821,0.0000051,5.98E-09,5.41E-10,0.000023612,0.000004379,MBA,Otto Matic,49419,1880-04-20,42226,2398,1,0,0,0.46,0,0,0,0,0
a0000217,2000217,   217 Eudora,217,Eudora,0,N,N,9.8,0,65390.00,290.00,0,0,0,66522.62,0,0.0484,25.272,0,0,0,0,0,X,0,2571.65,JPL 19,2457200.5,57200,20150627,J2000,0.309145272,2.868341585,1.981607345,10.51620528,162.5935713,155.2800279,268.1402451,3.755075826,0.202888658,2457653.259,20160921.76,1774.372226,4.857966396,0.974182,379.1224089,3.203,0.000000039,1.09E-08,0.000000114,0.00000499,0.000028054,0.00002946,0.000011763,1.42E-08,1.15E-09,0.000059484,0.000010075,MBA,Otto Matic,47392,1885-10-09,42197,1673,0,0,0,0.52,0,0,0,0,0
a0000218,2000218,   218 Bianca,218,Bianca,0,N,N,8.6,0.32,57270.00,1550.00,0,0,0,57485.47,0,0.1746,6.337,0,0.859,0.443,0,0,S,0,2972.07,JPL 57,2457200.5,57200,20150627,J2000,0.11670843,2.667602781,2.35627105,15.20000038,170.6355743,63.02188573,79.62346286,2.978934513,0.226215486,2456848.519,20140710.02,1591.402988,4.357023924,1.3903,541.063051,3.323,3.86E-08,1.12E-08,0.000000104,0.0000047,0.00001702,0.000024367,0.000018023,1.25E-08,1.42E-09,0.000079143,0.000010016,MBA,Otto Matic,44581,1893-08-24,42262,1351,0,0,0,0.53,0,0,0,0,0
a0000219,2000219,   219 Thusnelda,219,Thusnelda,0,N,N,9.32,0,37670.00,510.00,0,0,0,36443.34,0,0.2009,59.74,0,0.905,0.482,0,0,S,0,431.95,JPL 15,2457200.5,57200,20150627,J2000,0.222792806,2.355002693,1.830325035,10.84546722,200.8891961,142.3459951,129.4488985,2.879680351,0.272719983,2456725.841,20140309.34,1320.035281,3.614059633,0.836896,325.6948163,3.498,3.18E-08,6.03E-09,7.42E-08,0.00000475,0.000021769,0.000023914,0.000011315,7.37E-09,1.05E-09,0.000040899,0.00000507,MBA,Otto Matic,42558,1898-09-15,42087,1494,0,0,0,0.56,0,0,0,0,0
a0000220,2000220,   220 Stephania,220,Stephania,0,N,N,11.1,0,31740.00,220.00,0,0,0,31510.93,0,0.0726,18.198,0,0,0,0,0,XC,0,1391.09,JPL 14,2457200.5,57200,20150627,J2000,0.25862401,2.347936539,1.740703776,7.589569935,257.9899496,78.42864719,19.99879306,2.955169302,0.273952042,2457127.499,20150415,1314.098618,3.597805935,0.750598,292.1102237,3.503,4.35E-08,7.88E-09,0.000000104,0.00000471,0.000039629,0.000040515,0.00000866,9.92E-09,1.38E-09,0.000031502,0.00000661,MBA,Otto Matic,30867,11403,42270,1348,0,0,0,0.55,0,0,0,0,0
a0000221,2000221,   221 Eos,221,Eos,0,N,N,7.67,0.13,95781.00,2827.00,0,0,0,85132.39,0,0.14,10.443,0,0.768,0.41,0,K,S,0,1225.39,JPL 19,2457200.5,57200,20150627,J2000,0.104542652,3.011109483,2.696320113,10.88041143,141.8481022,193.7006754,350.9294384,3.325898853,0.188631516,2457248.586,20150814.09,1908.482785,5.225141094,1.68722,656.6154074,3.214,3.89E-08,1.34E-08,0.000000119,0.00000492,0.000025366,0.000033851,0.000023475,1.48E-08,1.26E-09,0.00012449,0.000012726,MBA,Otto Matic,47445,1885-10-29,42270,1490,0,0,0,0.59,0,0,0,0,0
a0000222,2000222,   222 Lucia,222,Lucia,0,N,N,9.13,0,55350.00,1040.00,0,0,0,57852.01,0,0.1318,7.8,0,0.688,0.395,0,0,BU,0,1810.36,JPL 28,2457200.5,57200,20150627,J2000,0.13162975,3.144962278,2.73099168,2.149162164,80.16919164,180.4975946,278.9380122,3.558932875,0.176718051,2457659.208,20160927.71,2037.143337,5.577394489,1.71546,667.6055682,3.195,3.35E-08,1.56E-08,0.000000107,0.00000375,0.00012091,0.00012219,0.000019961,1.77E-08,1.32E-09,0.0001141,0.000015204,MBA,Otto Matic,42461,1899-03-10,42166,2126,0,0,0,0.54,0,0,0,0,0
a0000223,2000223,   223 Rosa,223,Rosa,0,N,N,9.68,0,83394.00,2971.00,0,0,0,82804.06,0,0.0309,20.283,0,0.706,0.285,0,0,X,0,1410.64,JPL 28,2457200.5,57200,20150627,J2000,0.116021218,3.096374852,2.737129669,1.935429958,47.93067939,61.64275373,237.2859101,3.455620035,0.180893839,2457878.876,20170505.38,1990.117525,5.448644832,1.75513,683.0439421,3.212,2.85E-08,1.49E-08,9.07E-08,0.00000421,0.00009453,0.000096439,0.000019374,1.67E-08,1.31E-09,0.00010846,0.00001439,MBA,Otto Matic,47470,1885-10-04,42270,1784,0,0,0,0.54,0,0,0,0,0
a0000224,2000224,   224 Oceana,224,Oceana,0,N,N,8.59,0,58240.00,820.00,0,0,0,63558.04,0,0.1694,9.401,0,0.748,0.201,0,0,M,0,1257.24,JPL 35,2457200.5,57200,20150627,J2000,0.043155426,2.645783437,2.531603526,5.842367285,352.8167212,283.8471162,270.3069581,2.759963348,0.229019591,2457592.139,20160722.64,1571.917927,4.303676734,1.52318,592.7759606,3.384,3.42E-08,9.70E-09,9.11E-08,0.00000495,0.000039487,0.00006846,0.000056938,1.01E-08,1.26E-09,0.00024878,0.00000865,MBA,Otto Matic,42516,1899-03-07,42218,1584,0,0,0,0.56,0,0,0,0,0
a0000225,2000225,   225 Henrietta,225,Henrietta,0,N,N,8.72,0,95930.00,1250.00,0,0,0,85318.09,0,0.0396,7.3556,0,0.648,0.282,0,0,F,0,4193.36,JPL 80,2457200.5,57200,20150627,J2000,0.263917481,3.389899578,2.495245819,20.87197822,197.1099827,104.2221008,95.87642295,4.284553338,0.15791516,2456593.361,20131027.86,2279.705129,6.241492482,1.57849,614.3009533,2.99,3.39E-08,1.22E-08,0.000000117,0.00000388,0.00001094,0.000012921,0.0000071,1.54E-08,8.50E-10,0.000043055,0.000012274,OMB,Otto Matic,43964,1895-05-11,42270,1538,0,0,0,0.55,0,0,0,0,0
a0000226,2000226,   226 Weringia,226,Weringia,0,N,N,9.9,0,31490.00,310.00,0,0,0,34462.85,0,0.2035,11.147,0,0,0,0,S,0,0,1119.31,JPL 19,2457200.5,57200,20150627,J2000,0.20300925,2.712618101,2.161931536,15.96612584,134.9722707,154.061625,286.6593035,3.263304666,0.220607915,2457532.948,20160524.45,1631.854412,4.467773886,1.15621,449.9622457,3.278,3.46E-08,0.000000011,0.000000094,0.00000465,0.000018815,0.000023022,0.00001469,1.32E-08,1.34E-09,0.000067339,0.00000991,MBA,Otto Matic,48558,1882-09-08,42236,1516,0,0,0,0.5,0,0,0,0,0
a0000227,2000227,   227 Philosophia,227,Philosophia,0,N,N,9.1,0,94630.00,2560.00,0,0,0,101142.70,0,0.0768,52.98,0,0,0,0,0,0,0,3656.76,JPL 19,2457200.5,57200,20150627,J2000,0.190575142,3.162549354,2.559846062,9.154384458,326.2532426,266.9523068,1.245013135,3.765252646,0.175245997,2457193.396,20150619.9,2054.255198,5.62424421,1.57003,611.0085751,3.156,3.73E-08,0.000000021,0.000000118,0.000005007,0.00002855,0.000031321,0.000014791,2.49E-08,1.74E-09,0.000084387,0.000020412,MBA,Otto Matic,39315,2952,42267,1569,0,0,0,0.56,0,0,0,0,0
a0000230,2000230,   230 Athamantis,230,Athamantis,0,N,N,7.35,0.27,109000.00,16000.00,0,0,0,120188.92,0,0.1708,24.0055,0,0.871,0.44,0,Sl,S,0,1069.61,JPL 80,2457200.5,57200,20150627,J2000,0.061432483,2.382102488,2.235764018,9.443299672,239.9065037,138.9689618,9.088536076,2.528440957,0.26807938,2457166.598,20150524.1,1342.885829,3.676621024,1.24886,486.0188462,3.517,2.19E-08,3.85E-09,0.000000052,0.00000262,0.000018869,0.000030115,0.000023659,4.09E-09,6.50E-10,0.000088237,0.000003258,MBA,Otto Matic,48581,1882-09-10,42261,1861,0,0,0,0.56,0,0,0,0,0
a0000231,2000231,   231 Vindobona,231,Vindobona,0,N,N,9.6,0,73540.00,1410.00,0,0,0,71322.79,0,0.0545,14.245,0,0,0,0,0,0,0,2935.37,JPL 18,2457200.5,57200,20150627,J2000,0.151391033,2.924238552,2.481535058,5.10210059,350.5363158,268.4277486,293.899294,3.366942045,0.197099207,2457535.868,20160527.37,1826.491369,5.000660833,1.47299,573.2435183,3.256,4.19E-08,1.61E-08,0.000000124,0.00000571,0.000053664,0.000056649,0.000019439,1.85E-08,1.62E-09,0.000099322,0.000015051,MBA,Otto Matic,47673,1885-01-22,42218,1455,0,0,0,0.54,0,0,0,0,0
a0000232,2000232,   232 Russia,232,Russia,0,N,N,10.25,0,54730.00,957.00,0,0,0,46066.33,0,0.0494,21.905,0,0.709,0.366,0,0,C,0,646.28,JPL 20,2457200.5,57200,20150627,J2000,0.174409297,2.553196065,2.107894935,6.06586532,152.2514109,52.12440061,117.0947689,2.998497195,0.241589372,2456715.815,20140227.31,1490.131778,4.079758462,1.11141,432.5274297,3.41,4.95E-08,0.00000001,0.000000127,0.00000407,0.000052472,0.000053795,0.000014068,1.18E-08,1.43E-09,0.00005805,0.00000879,MBA,Otto Matic,37254,5016,42270,1457,0,0,0,0.53,0,0,0,0,0
a0000233,2000233,   233 Asterope,233,Asterope,0,N,N,8.21,0,99670.00,1150.00,0,0,0,106566.25,0,0.087,19.7,0,0.775,0.321,0,K,T,0,3668.24,JPL 62,2457200.5,57200,20150627,J2000,0.100707511,2.659704121,2.39185194,7.683160743,222.0221994,125.1066899,47.89175097,2.927556302,0.227223939,2456989.731,20141128.23,1584.340106,4.337686806,1.3958,543.203486,3.366,3.24E-08,8.91E-09,8.71E-08,0.00000373,0.000031432,0.000037174,0.000020447,9.81E-09,1.14E-09,0.000089647,0.00000796,MBA,Otto Matic,43127,1897-08-24,42269,1552,0,0,0,0.59,0,0,0,0,0
a0000234,2000234,   234 Barbara,234,Barbara,0,N,N,9.02,0,45480.00,250.00,0,0,0,47158.28,0,0.2276,26.4744,0,0.897,0.488,0,Ld,S,0,1459.71,JPL 60,2457200.5,57200,20150627,J2000,0.245554032,2.385051371,1.79939239,15.37491655,144.5538834,192.3706656,269.8964592,2.970710352,0.267582352,2457537.232,20160528.73,1345.380204,3.683450252,0.791643,308.0837063,3.447,3.89E-08,5.66E-09,9.34E-08,0.00000467,0.000013249,0.000014618,0.0000076,7.05E-09,9.53E-10,0.00002914,0.00000479,MBA,Otto Matic,47729,1885-01-13,42265,3234,0,0,0,0.42,0,0,0,0,0
a0000235,2000235,   235 Carolina,235,Carolina,0,N,N,8.9,0,57520.00,190.00,0,0,0,62491.20,0,0.158,17.61,0,0.897,0.541,0,0,S,0,1845.53,JPL 36,2457200.5,57200,20150627,J2000,0.063154699,2.881372618,2.699400398,9.02901315,66.03617511,209.5654124,97.23460599,3.063344837,0.201513867,2456717.979,20140301.48,1786.477554,4.891108976,1.68718,656.5998406,3.273,4.06E-08,1.57E-08,0.000000118,0.00000499,0.000030899,0.000051483,0.000041624,1.67E-08,1.64E-09,0.00020665,0.000014565,MBA,Otto Matic,48044,1884-02-13,42245,1471,0,0,0,0.56,0,0,0,0,0
a0000236,2000236,   236 Honoria,236,Honoria,0,N,N,8.18,-0.02,92319.00,2085.00,0,0,0,87091.30,0,0.1271,12.336,0,0.852,0.444,0,L,S,0,5394.19,JPL 21,2457200.5,57200,20150627,J2000,0.190181063,2.797911274,2.265801533,7.693904819,185.8613684,174.8962142,210.2591981,3.330021016,0.210597478,2457911.528,20170607.03,1709.422178,4.680142857,1.26308,491.5528436,3.287,3.91E-08,8.87E-09,0.000000109,0.00000505,0.000036054,0.000038206,0.000012903,1.06E-08,0.000000001,0.000062438,0.00000813,MBA,Otto Matic,47969,1884-04-28,42245,1496,0,0,0,0.58,0,0,0,0,0
a0000238,2000238,   238 Hypatia,238,Hypatia,0,N,N,8.18,0,146500.00,8679.00,0,0,0,167839.87,0,0.0428,8.8749,0,0.739,0.383,0,Ch,C,0,2883.03,JPL 64,2457200.5,57200,20150627,J2000,0.086862414,2.909575337,2.656842598,12.3955283,183.914243,210.3679538,91.05546207,3.162308076,0.198591046,2456741.993,20140325.49,1812.770549,4.963095275,1.66869,649.4040873,3.244,3.37E-08,1.17E-08,9.92E-08,0.00000382,0.000020697,0.000031009,0.000023454,1.27E-08,1.20E-09,0.00011793,0.000010939,MBA,Otto Matic,44979,1892-03-18,42136,1461,0,0,0,0.6,0,0,0,0,0
a0000239,2000239,   239 Adrastea,239,Adrastea,0,N,N,10.4,0,36715.00,356.00,0,0,0,41415.47,0,0.0777,18.4707,0,0,0,0,0,0,0,2082.65,JPL 17,2457200.5,57200,20150627,J2000,0.234436439,2.967048973,2.271464577,6.17374496,180.6310682,210.2136131,156.3616505,3.662633368,0.192848827,2456389.701,20130407.2,1866.747158,5.110875176,1.2795,497.943015,3.213,3.59E-08,1.15E-08,0.000000108,0.00000509,0.000038478,0.000040045,0.000011085,1.42E-08,1.12E-09,0.000055503,0.000010864,MBA,Otto Matic,47808,1884-08-20,42198,1694,0,0,0,0.54,0,0,0,0,0
a0000240,2000240,   240 Vanadis,240,Vanadis,0,N,N,9,0,87930.00,1620.00,0,0,0,98035.31,0,0.0411,10.64,0,0.705,0.368,0,C,C,0,4034.81,JPL 25,2457200.5,57200,20150627,J2000,0.205597786,2.665567451,2.117532685,2.104320592,115.1917743,300.1126464,329.969131,3.213602217,0.22647463,2457333.101,20151106.6,1589.582021,4.352038386,1.13059,439.9917103,3.352,3.53E-08,8.56E-09,9.37E-08,0.00000405,0.00010176,0.00010207,0.000010106,1.03E-08,1.09E-09,0.000045035,0.000007655,MBA,Otto Matic,47848,1884-08-29,42247,1659,0,0,0,0.61,0,0,0,0,0
a0000242,2000242,   242 Kriemhild,242,Kriemhild,0,N,N,9.3,0,40800.00,300.00,0,0,0,48716.29,0,0.244,4.5478,0,0,0,0,Xc,0,0,1356.06,JPL 15,2457200.5,57200,20150627,J2000,0.119353338,2.862610885,2.520948721,11.35047344,206.9383385,279.6384752,269.7095528,3.20427305,0.203498211,2457644.192,20160912.69,1769.057318,4.843414971,1.56649,609.6309133,3.262,4.26E-08,1.55E-08,0.000000124,0.000005016,0.00002533,0.00003228,0.000022395,1.73E-08,1.65E-09,0.00011171,0.000014333,MBA,Otto Matic,47724,1885-01-09,42256,1599,0,0,0,0.56,0,0,0,0,0
a0000245,2000245,   245 Vera,245,Vera,0,N,N,7.82,0,75950.00,2630.00,0,0,0,72619.78,0,0.2082,14.38,0,0.841,0.476,0,S,S,0,1673.95,JPL 90,2457200.5,57200,20150627,J2000,0.193552419,3.099387807,2.499493801,5.15902609,61.40224424,329.0184235,49.36658079,3.699281814,0.18063013,2456927.198,20140926.7,1993.022984,5.456599547,1.50724,586.5725908,3.187,4.29E-08,1.45E-08,0.000000133,0.00000535,0.000049753,0.000051036,0.000011799,1.73E-08,1.27E-09,0.000064635,0.000013979,MBA,Otto Matic,47680,1885-03-09,42271,1402,0,0,0,0.59,0,0,0,0,0
a0000247,2000247,   247 Eukrate,247,Eukrate,0,N,N,8.04,0,130940.00,510.00,0,0,0,137344.38,0,0.0595,12.093,0,0.691,0.295,0,Xc,CP,0,1337.89,JPL 63,2457200.5,57200,20150627,J2000,0.24245598,2.741906311,2.077114729,24.99010641,0.165445076,54.85290489,349.2792157,3.406697894,0.217082671,2457249.886,20150815.39,1658.354386,4.540326861,1.16206,452.2388902,3.174,5.23E-08,9.18E-09,0.000000144,0.00000787,0.000010381,0.00001745,0.000013124,1.14E-08,1.09E-09,0.000060568,0.00000832,MBA,Otto Matic,47602,1885-03-16,42200,921,0,0,0,0.67,0,0,0,0,0
a0000248,2000248,   248 Lameia,248,Lameia,0,N,N,10.2,0,54000.00,4913.00,0,0,0,49130.51,0,0.0615,11.912,0,0.83,0.34,0,0,0,0,955.63,JPL 72,2457200.5,57200,20150627,J2000,0.066839208,2.470118911,2.30501812,4.058854005,246.8671988,11.10978985,162.3132272,2.635219702,0.253879295,2456561.168,20130925.67,1417.996692,3.88226336,1.28995,502.0098415,3.478,3.35E-08,7.33E-09,8.33E-08,0.00000401,0.000058289,0.000065752,0.000031481,7.82E-09,1.13E-09,0.00012375,0.00000631,MBA,Otto Matic,47567,1885-06-06,42247,1760,0,0,0,0.53,0,0,0,0,0
a0000250,2000250,   250 Bettina,250,Bettina,0,N,N,7.58,0,121273.00,2024.00,0,0,0,120984.62,0,0.2581,5.0545,0,0.728,0.262,0,Xk,M,0,1124.09,JPL 19,2457200.5,57200,20150627,J2000,0.13129628,3.14542712,2.73244424,12.81635678,23.88664747,76.48779925,346.4824446,3.558410001,0.176678878,2457277.009,20150911.51,2037.595006,5.57863109,1.78501,694.6723417,3.157,4.28E-08,0.000000015,0.000000135,0.00000619,0.000021761,0.000030144,0.000020695,0.000000017,1.27E-09,0.00011717,0.000014598,MBA,Otto Matic,47503,1885-09-03,42272,1235,0,0,0,0.57,0,0,0,0,0
a0000251,2000251,   251 Sophia,251,Sophia,0,N,N,9.9,0,27500.00,200.00,0,0,0,31742.72,0,0.2188,20.216,0,0,0,0,0,0,0,1648.01,JPL 20,2457200.5,57200,20150627,J2000,0.099339564,3.097370355,2.789678936,10.51036316,156.1566785,285.7815649,227.6933537,3.405061774,0.180806637,2457932.258,20170627.76,1991.077355,5.451272703,1.82947,711.9748399,3.19,0.000000035,1.67E-08,0.000000109,0.00000451,0.000022618,0.000031478,0.000022503,1.83E-08,1.46E-09,0.00012641,0.000016074,MBA,Otto Matic,47461,1885-10-04,42261,1683,0,0,0,0.53,0,0,0,0,0
a0000252,2000252,   252 Clementina,252,Clementina,0,N,N,9.7,0,65340.00,310.00,0,0,0,69662.04,0,0.0843,10.864,0,0,0,0,0,0,0,2724.58,JPL 17,2457200.5,57200,20150627,J2000,0.069910778,3.158408948,2.937602122,10.04427741,202.0508288,155.7119711,61.05922332,3.379215774,0.175590709,2456852.764,20140714.26,2050.222375,5.613202944,1.93811,754.2542687,3.178,4.55E-08,1.96E-08,0.000000146,0.00000597,0.000026178,0.000042915,0.000034715,2.09E-08,1.63E-09,0.00019683,0.000019053,MBA,Otto Matic,47430,1885-10-13,42239,1547,0,0,0,0.55,0,0,0,0,0
a0000254,2000254,   254 Augusta,254,Augusta,0,N,N,12.13,0,12470.00,140.00,0,0,0,12541.90,0,0.1695,5.8949,0,0.845,0.505,0,0,S,0,1012.23,JPL 14,2457200.5,57200,20150627,J2000,0.122041404,2.194747365,1.926897314,4.512166538,28.49171167,233.1018423,219.7453332,2.462597415,0.303128848,2457663.19,20161001.69,1187.613789,3.251509346,0.915587,356.3189928,3.656,4.11E-08,7.01E-09,8.95E-08,0.00000474,0.000053675,0.000056479,0.000020324,7.86E-09,1.45E-09,0.000067655,0.00000569,MBA,Otto Matic,47112,1886-04-01,42091,1633,0,0,0,0.49,0,0,0,0,0
a0000255,2000255,   255 Oppavia,255,Oppavia,0,N,N,10.39,0,61357.00,5286.00,0,0,0,56531.49,0,0.0374,19.499,0,0.764,0.275,0,0,X,0,2445.87,JPL 13,2457200.5,57200,20150627,J2000,0.077270726,2.746813601,2.534565319,9.471305797,13.67091583,155.8111642,174.7358751,2.959061883,0.216501191,2456393.41,20130410.91,1662.808403,4.552521296,1.54279,600.4075843,3.323,4.66E-08,1.12E-08,0.000000128,0.00000529,0.000026706,0.000039062,0.000028712,0.000000012,1.32E-09,0.00013276,0.00001014,MBA,Otto Matic,47291,1886-04-01,42270,1468,0,0,0,0.55,0,0,0,0,0
a0000256,2000256,   256 Walpurga,256,Walpurga,0,N,N,9.9,0,59444.00,965.00,0,0,0,59825.88,0,0.053,16.664,0,0,0,0,0,0,0,3279.80,JPL 17,2457200.5,57200,20150627,J2000,0.067920387,3.001997179,2.79810037,13.31537365,182.9577335,46.58129349,276.3396369,3.205893988,0.189491029,2457642,20160910.5,1899.826086,5.201440345,1.80836,703.7594612,3.208,0.000000046,1.69E-08,0.000000139,0.00000517,0.000021332,0.000038086,0.000031768,1.81E-08,1.60E-09,0.00016815,0.000016057,MBA,Otto Matic,47105,1886-04-03,42086,1431,0,0,0,0.49,0,0,0,0,0
a0000259,2000259,   259 Aletheia,259,Aletheia,0,N,N,7.76,0,182874.00,3488.00,0,0,0,179781.90,0,0.0436,8.143,0,0.698,0.311,0,X,CP,0,2717.38,JPL 86,2457200.5,57200,20150627,J2000,0.127679571,3.135060826,2.734777606,10.81347852,86.864555,168.0719188,71.26060932,3.535344046,0.177555904,2456799.158,20140521.66,2027.530444,5.551075821,1.72071,669.6487107,3.172,4.19E-08,1.58E-08,0.000000134,0.0000052,0.000023097,0.00002815,0.000016942,1.78E-08,1.34E-09,0.000094178,0.000015316,MBA,Otto Matic,42736,1898-09-12,42262,1324,0,0,0,0.61,0,0,0,0,0
a0000260,2000260,   260 Huberta,260,Huberta,0,N,N,8.97,0,85800.00,628.00,0,0,0,92089.90,0,0.0509,8.29,0,0.714,0.306,0,0,CX,0,4807.23,JPL 83,2457200.5,57200,20150627,J2000,0.115310532,3.444809114,3.047586341,6.415955556,165.3922708,181.1202371,48.81687889,3.842031887,0.154154544,2456883.825,20140814.33,2335.318765,6.39375432,2.04053,794.1130601,3.117,3.94E-08,1.99E-08,0.00000014,0.00000487,0.000038614,0.000042632,0.00001837,2.22E-08,1.33E-09,0.00011861,0.000020212,OMB,Otto Matic,37136,5132,42268,1734,0,0,0,0.56,0,0,0,0,0
a0000261,2000261,   261 Prymno,261,Prymno,0,N,N,9.44,0.19,50010.00,520.00,0,0,0,50673.67,0,0.1141,8.002,0,0.7,0.299,0,X,B,0,2973.41,JPL 83,2457200.5,57200,20150627,J2000,0.089226678,2.331296633,2.123282778,3.63627588,96.65934055,66.18810791,284.7670344,2.539310488,0.276890318,2457472.207,20160324.71,1300.153805,3.55962712,1.1348,441.630116,3.563,3.35E-08,7.51E-09,7.84E-08,0.00000421,0.000064467,0.000068605,0.000024636,8.18E-09,1.34E-09,0.000089382,0.00000628,MBA,Otto Matic,35885,6389,42274,1488,0,0,0,0.52,0,0,0,0,0
a0000263,2000263,   263 Dresda,263,Dresda,0,N,N,10.2,0,25530.00,221.00,0,0,0,26276.35,0,0.2263,16.809,0,0,0,0,S,0,0,1293.99,JPL 19,2457200.5,57200,20150627,J2000,0.075373516,2.888344261,2.670639599,1.313467788,216.4337903,160.974248,99.63948761,3.106048923,0.200784711,2456704.25,20140215.75,1792.965199,4.90887118,1.67225,650.7895325,3.287,3.48E-08,1.29E-08,9.97E-08,0.00000426,0.00017303,0.00017439,0.000026077,1.39E-08,1.35E-09,0.00012969,0.000012037,MBA,Otto Matic,42773,1898-02-21,42096,1978,0,0,0,0.54,0,0,0,0,0
a0000264,2000264,   264 Libussa,264,Libussa,0,N,N,8.42,0,62970.00,410.00,0,0,0,66399.92,0,0.2971,9.2276,0,0.84,0.419,0,S,S,0,1123.23,JPL 64,2457200.5,57200,20150627,J2000,0.136830799,2.796851041,2.414155679,10.4253196,49.60999208,340.9746882,170.4779133,3.179546403,0.21071724,2456391.464,20130408.96,1708.450625,4.677482887,1.42329,553.9017693,3.289,4.53E-08,1.35E-08,0.000000124,0.000005632,0.00002292,0.000027397,0.000016743,1.54E-08,1.53E-09,0.00007797,0.000012397,MBA,Otto Matic,44694,1893-04-10,42239,1280,0,0,0,0.6,0,0,0,0,0
a0000266,2000266,   266 Aline,266,Aline,0,N,N,8.8,0,109000.00,18327.00,0,0,0,117807.34,0,0.0448,13.018,0,0.707,0.336,0,Ch,C,0,2129.19,JPL 82,2457200.5,57200,20150627,J2000,0.156590054,2.804807513,2.365602554,13.3971061,235.9074913,150.5157103,329.2274167,3.244012473,0.209821255,2457347.161,20151120.66,1715.746099,4.697456806,1.38114,537.4982538,3.266,0.000000041,1.23E-08,0.000000116,0.00000451,0.000019251,0.00002333,0.00001456,1.42E-08,1.38E-09,0.00007001,0.000011257,MBA,Otto Matic,45463,1891-04-04,42271,1333,0,0,0,0.52,0,0,0,0,0
a0000268,2000268,   268 Adorea,268,Adorea,0,N,N,8.28,0,140587.00,3181.00,0,0,0,143911.40,0,0.044,7.8,0,0.663,0.285,0,0,FC,0,4446.93,JPL 33,2457200.5,57200,20150627,J2000,0.13664593,3.091753264,2.669277766,2.440097688,120.9145863,69.54592413,229.7346203,3.514228763,0.181299594,2457919.009,20170614.51,1985.663574,5.436450578,1.67115,650.3614455,3.209,4.17E-08,1.65E-08,0.000000132,0.00000454,0.00011397,0.00011475,0.00001614,1.88E-08,1.45E-09,0.000091198,0.000015892,MBA,Otto Matic,37019,5249,42268,1737,0,0,0,0.57,0,0,0,0,0
a0000269,2000269,   269 Justitia,269,Justitia,0,N,N,9.7,0,50730.00,240.00,0,0,0,52867.17,0,0.0974,16.545,0,0,0,0,Ld,0,0,2559.61,JPL 54,2457200.5,57200,20150627,J2000,0.214045531,2.615056113,2.05531504,5.479888443,156.7591904,119.678573,126.2617394,3.174797187,0.23306795,2456658.762,20140101.26,1544.613924,4.228922446,1.04554,406.8928018,3.368,3.62E-08,8.71E-09,9.59E-08,0.000004472,0.000044314,0.000045301,0.000010994,1.06E-08,1.17E-09,0.000045604,0.00000772,MBA,Otto Matic,45877,1890-02-11,42268,1723,0,0,0,0.53,0,0,0,0,0
a0000270,2000270,   270 Anahita,270,Anahita,0,N,N,8.75,0,51400.00,1490.00,0,0,0,45727.34,0,0.2166,15.06,0,0.866,0.53,0,0,S,0,1556.93,JPL 86,2457200.5,57200,20150627,J2000,0.150578783,2.197978731,1.86700977,2.367554352,254.4856179,80.18220324,98.58136548,2.528947693,0.302460625,2456874.569,20140805.07,1190.237572,3.258692873,0.8587,334.180279,3.651,2.39E-08,3.96E-09,5.22E-08,0.00000304,0.000064414,0.000065033,0.00000976,4.56E-09,8.18E-10,0.000031856,0.000003218,MBA,Otto Matic,43041,1897-11-23,42274,1744,0,0,0,0.59,0,0,0,0,0
a0000271,2000271,   271 Penthesilea,271,Penthesilea,0,N,N,9.8,0,65900.00,180.00,0,0,0,71102.63,0,0.0633,18.787,0,0.724,0.348,0,0,PC,0,2129.01,JPL 28,2457200.5,57200,20150627,J2000,0.103493278,3.003594502,2.692742663,3.539647283,335.3732852,58.46714264,168.0094104,3.314446341,0.189339891,2456313.157,20130120.66,1901.342596,5.205592324,1.70124,662.0715708,3.241,3.66E-08,1.35E-08,0.000000109,0.00000438,0.000067773,0.000070694,0.000019995,1.49E-08,1.28E-09,0.00010456,0.000012851,MBA,Otto Matic,40833,1409,42242,1740,0,0,0,0.56,0,0,0,0,0
a0000272,2000272,   272 Antonia,272,Antonia,0,N,N,10.6,0,26870.00,290.00,0,0,0,29814.85,0,0.1443,3.8548,0,0,0,0,X,0,0,2025.00,JPL 18,2457200.5,57200,20150627,J2000,0.027115589,2.778539172,2.703197444,4.439164824,37.41256721,63.85866219,223.0419181,2.853880899,0.212803756,2457844.089,20170331.59,1691.699467,4.631620719,1.72427,671.0341559,3.329,3.66E-08,1.27E-08,0.000000101,0.00000486,0.000055588,0.00010705,0.000093056,0.000000013,1.46E-09,0.00043821,0.000011578,MBA,Otto Matic,35444,6824,42268,1692,0,0,0,0.53,0,0,0,0,0
a0000273,2000273,   273 Atropos,273,Atropos,0,N,N,10.26,0,29770.00,480.00,0,0,0,30499.87,0,0.1624,23.924,0,0.76,0.374,0,0,SCTU,0,1459.24,JPL 56,2457200.5,57200,20150627,J2000,0.160227632,2.395416368,2.011604475,20.45372309,158.958459,121.2214007,21.40722217,2.77922826,0.265847484,2457119.976,20150407.48,1354.15989,3.707487721,1.0606,412.753702,3.427,3.91E-08,8.50E-09,9.39E-08,0.00000531,0.000012705,0.000019796,0.00001505,9.86E-09,1.42E-09,0.000056584,0.00000721,MBA,Otto Matic,38580,3686,42266,1432,0,0,0,0.47,0,0,0,0,0
a0000274,2000274,   274 Philagoria,274,Philagoria,0,N,N,10,0,27310.00,390.00,0,0,0,29453.34,0,0.2282,17.96,0,0,0,0,0,0,0,618.92,JPL 17,2457200.5,57200,20150627,J2000,0.120312301,3.044990851,2.678640995,3.677577028,92.81961058,119.2672121,331.3758431,3.411340708,0.185491958,2457354.815,20151128.31,1940.784947,5.313579595,1.67519,651.9336923,3.225,4.11E-08,1.49E-08,0.000000128,0.0000046,0.00007703,0.000079481,0.000021548,1.67E-08,1.36E-09,0.0001165,0.000014258,MBA,Otto Matic,44683,1893-03-19,42206,1796,0,0,0,0.56,0,0,0,0,0
a0000276,2000276,   276 Adelheid,276,Adelheid,0,N,N,8.6,0,102674.00,731.00,0,0,0,109201.25,0,0.045,6.315,0,0.708,0.271,0,0,X,0,5470.77,JPL 31,2457200.5,57200,20150627,J2000,0.068460056,3.116390207,2.903041958,21.61379016,211.1797942,265.2118675,133.2960376,3.329738457,0.179153925,2456456.469,20130612.97,2009.445229,5.501561203,2.01284,783.3369428,3.105,3.93E-08,1.66E-08,0.000000123,0.00000539,0.000012209,0.000037352,0.000035494,1.78E-08,1.44E-09,0.00019653,0.000016102,MBA,Otto Matic,42463,1899-05-14,42233,1544,0,0,0,0.56,0,0,0,0,0
a0000277,2000277,   277 Elvira,277,Elvira,0,N,N,9.84,0,31192.00,195.00,0,0,0,33690.22,0,0.277,29.69,0,0.806,0.436,0,0,S,0,1453.78,JPL 15,2457200.5,57200,20150627,J2000,0.09114422,2.884803028,2.621869907,1.162042147,231.2806819,137.5554598,185.8462753,3.147736149,0.201154534,2458066.271,20171108.77,1789.668832,4.899846221,1.62115,630.9029455,3.286,0.000000047,1.54E-08,0.000000137,0.00000484,0.00026393,0.00026507,0.000026978,1.68E-08,1.61E-09,0.00013614,0.000014295,MBA,Otto Matic,42361,1899-08-08,42217,1698,0,0,0,0.53,0,0,0,0,0
a0000278,2000278,   278 Paulina,278,Paulina,0,N,N,9.4,0,43174.00,582.00,0,0,0,35290.09,0,0.2505,6.497,0,0,0,0,S,0,0,1571.94,JPL 20,2457200.5,57200,20150627,J2000,0.132849115,2.756882053,2.390632711,7.816065612,62.0374231,139.4703744,318.6967104,3.123131395,0.215316244,2457392.326,20160104.83,1671.959318,4.577575136,1.3932,542.191644,3.317,4.42E-08,1.15E-08,0.000000124,0.00000464,0.000033874,0.000036879,0.000016473,0.000000013,1.34E-09,0.000077178,0.000010428,MBA,Otto Matic,45485,1890-11-13,42151,1692,0,0,0,0.55,0,0,0,0,0
